2302 3922
241 544 896 647 SEX.PROPERT11

414 713 722 790 ELEGIARVM
833 731 837 738 ·

373 901 515 960 LIBER
542 899 759 971 QVINTVS.
1003 899 1049 959 IV

552 1116 581 1193 Ι.

150 1230 233 1312 Hoc
259 1248 477 1331 quodcumque
503 1247 607 1330 vides,
634 1247 765 1394 hospes,
795 1267 856 1329 qua
882 1246 1019 1309 maxima

726 1333 829 1394 omast

193 1415 279 1478 Ante
300 1414 461 1498 Phrygem
483 1414 616 1477 Aenean
638 1414 728 1477 collis
751 1416 784 1477 et
804 1379 903 1476 hdrba
922 1412 999 1477 fuit:

153 1497 182 1558 A
218 1517 257 1560 ue
278 1497 334 1561 ubi
354 1497 472 1561 Navali
493 1499 583 1560 stant
604 1517 694 1559 saera
716 1496 842 1559 Palatia
862 1495 1003 1578 Phoebo,

222 1579 337 1642 uandri
357 1579 512 1662 profugae
534 1579 732 1642 concubuere
753 1578 859 1642 boves.

123 1660 319 1725 5Fiotilibus
342 1682 468 1726 crevere
490 1662 557 1725 deis
578 1660 657 1724 haec
679 1681 774 1723 aurea
794 1661 925 1744 templa,

193 1744 262 1809 Neo
282 1745 346 1809 fuit
367 1745 536 1828 opprobrio
558 1743 645 1809 facta
667 1743 736 1808 sine
757 1747 825 1807 arte
847 1765 938 1825 casa,

151 1827 198 1892 Ta
239 1829 366 1913 eiusque
387 1831 480 1911 pater
501 1829 586 1892 nuda
607 1828 646 1891 de
667 1849 745 1911 rupe
766 1827 916 1911 tonabat,

171 1925 185 1971 ·.
224 1915 239 1975 t
260 1912 384 1978 Tiberis
405 1912 524 1977 nostris
546 1912 668 1977 advena
690 1911 793 1976 bubus
816 1914 894 1976 erat.
1030 1928 1033 1935 '

151 1994 221 2072 Qua
242 1996 394 2082 gradibus
416 1997 527 2061 domus
549 1996 612 2060 ista
631 1995 724 2060 Remi
746 2017 779 2060 se
801 1995 946 2078 sustulit,
970 1994 1046 2061 olim

103 2091 136 2142 10
191 2078 282 2144 Unus
305 2084 373 2145 crat
392 2081 529 2144 fratrum
549 2079 687 2144 maxima
707 2101 807 2164 regna
828 2080 928 2143 focus.

151 2160 257 2247 Curia,
278 2167 442 2248 praetexto
464 2185 545 2247 quae
566 2185 654 2228 nunc
674 2164 758 2227 nitet
779 2164 845 2226 alta
865 2165 992 2246 senatu,

194 2239 326 2313 Pellitos
348 2248 475 2330 habuit,
499 2248 618 2311 rustica
639 2247 750 2330 eorda,
772 2250 889 2330 patres.

150 2329 275 2397 Bucina
297 2332 431 2416 cogebat
452 2331 574 2415 priscos
597 2331 638 2393 ad
658 2330 755 2394 verba
778 2330 930 2405 Quirites:

193 2412 332 2480 (lentum
351 2416 399 2479 illi
420 2415 456 2478 in
476 2417 568 2498 prato
591 2435 683 2498 saepe
705 2417 834 2478 senatus
856 2417 933 2478 erat.

103 2509 135 2558 1⁶
149 2495 218 2563 Nec
240 2499 371 2563 sinuosa
392 2518 468 2563 cavo
489 2497 672 2584 pendebant
693 2498 763 2562 vela
783 2496 927 2580 theatro,

192 2581 321 2665 Pulpita
341 2582 512 2646 sollemnes
533 2602 601 2645 non
623 2580 730 2646 oluere
752 2601 873 2645 crocos.

152 2663 243 2735 Nulli
265 2686 340 2728 cura
360 2665 424 2729 fuit
444 2668 591 2729 externos
612 2683 760 2747 quaerere
782 2664 887 2744 divos,

193 2742 274 2810 Ourn
295 2749 446 2810 tremeret
466 2748 571 2831 patrio
592 2747 730 2830 pendula
751 2744 844 2807 turba
865 2763 968 2826 sacro,

149 2830 328 2911 Annuaque
350 2850 483 2893 accenso
506 2831 664 2895 celebrare
685 2826 803 2891 Parilia
822 2825 933 2906 faeno,

101 2925 135 2975 20
192 2911 305 2988 Qualia
325 2933 412 2976 nunc
433 2915 523 2976 curto
545 2914 647 2976 lustra
667 2912 826 2975 novantur
847 2929 939 2992 equo.

150 2994 249 3062 Vesta
270 2996 431 3061 coronatis
451 3016 571 3079 pauper
592 2993 751 3078 gaudebat
772 2994 893 3077 asellis,

192 3079 363 3147 Ducebant
383 3100 507 3145 macrae
528 3077 604 3142 vilia
626 3099 714 3143 sacra
735 3077 843 3143 boves.

151 3165 252 3240 Parva
273 3164 414 3250 saginati
434 3161 614 3227 lustrabant
636 3161 775 3245 compita
795 3161 895 3245 porci,

192 3239 307 3314 Pastor
329 3252 362 3315 et
383 3249 423 3313 ad
444 3247 582 3313 calamos
605 3249 679 3311 exta
699 3245 813 3312 litabat
835 3245 912 3310 ovis.

102 3345 136 3395 25
150 3332 292 3398 Verbera
312 3333 443 3417 pellitus
465 3334 570 3398 setosa
590 3332 738 3395 movebat
759 3331 865 3396 arator

192 3415 286 3482 Unde
307 3417 407 3481 licens
429 3415 547 3482 Fabius
569 3436 659 3480 sacra
680 3414 841 3500 Lupercus
862 3377 968 3478 babet
