2302 3922
61 191 127 250 xlv

60 360 116 416 tius
127 359 260 416 carminis
275 357 421 430 dispositio
438 358 568 414 ostendit.
599 357 657 415 Sed
677 358 796 415 dubitari
813 364 918 428 potest,
932 366 1022 415 utrum
1038 362 1063 418 is

60 441 196 499 exciderit
206 442 283 497 initio
295 441 427 513 strophae
438 457 474 496 an
486 443 537 497 sub
548 441 642 496 finem.
664 441 732 497 mibi
750 442 863 513 quidem
879 443 948 498 illud
964 446 1065 514 proba-

59 526 141 582 bilius
152 527 246 582 visum
254 531 306 580 est.
315 525 450 597 Hauptius
463 528 515 581 sub
525 525 609 580 finem
623 526 705 581 totius
718 526 849 581 carminis
858 543 943 581 unum
950 543 1064 582 versum

23 655 30 667 .
59 612 241 682 interceptum
254 625 318 664 esse
333 610 433 665 statuit.
448 638 483 648 -
505 613 550 668 68.
564 609 656 664 Tertia
662 625 736 681 pars
743 612 856 680 patrat,
862 626 937 681 pars
948 612 1064 666 estante
1129 628 1133 635 ’

58 696 139 749 tertia
155 695 262 748 mattis.
292 692 339 750 Sia
357 692 493 763 Hauptius
511 699 539 748 et
554 693 703 766 Bergklus,
720 695 782 749 libri
798 693 924 749 Thuanei
943 696 1065 767 vestigIa

48 777 162 833 secuti:
173 779 252 832 tertia
256 778 350 848 patris
352 792 427 846 pars
433 777 545 832 esttlata
553 779 633 832 tertia
641 780 731 849 matri,
740 777 1064 835 similiterFroehliehius

57 862 394 933 tataparspatri,pars
409 867 449 915 est
465 862 531 916 data
543 864 621 916 tertia
631 865 724 916 matri.
996 907 999 915 .

142 944 236 1013 LXIII,
248 951 290 1003 10.
315 944 405 1000 Tauri
418 948 512 1017 vulgo,
524 947 616 1000 tanrei
631 946 835 1014 Lachmannus,
852 947 929 1000 tauri
944 952 972 1001 et
988 946 1066 1002 eodi-

59 1045 108 1085 oes
120 1044 229 1084 omnes.
241 1028 471 1098 -13.Peaora]
484 1035 600 1100 pectora
612 1029 689 1097 libri,
705 1028 780 1101 quod
797 1031 918 1084 correxit
933 1031 989 1085 iam
1000 1031 1021 1085 F
1039 1037 1066 1087 et

58 1112 122 1168 Edit
139 1113 228 1183 prino.
248 1110 289 1168 CI.
308 1132 335 1170 v.
355 1119 389 1172 53
409 1112 443 1168 Ut
457 1113 536 1185 apud
551 1115 638 1168 nivem
655 1119 681 1168 et
696 1113 830 1185 ferarum
849 1114 938 1185 petitia
956 1114 1065 1171 stabula

54 1195 148 1268 forem
162 1203 298 1252 eteorum
315 1199 405 1253 omnia
423 1197 529 1251 aduam
541 1194 698 1268 furibunda
715 1197 840 1266 7366313,
858 1198 1018 1268 pariterque
1034 1215 1065 1256 v.

61 1281 104 1338 71.
115 1281 314 1336 -Eneautae
326 1280 349 1336 G
361 1281 381 1337 C
392 1280 413 1334 L
425 1281 457 1348 P,
473 1279 507 1350 P,
517 1281 578 1350 nu,
596 1281 625 1336 M
641 1283 672 1352 F,
691 1285 811 1337 excutite
825 1281 871 1350 Dr,
888 1287 987 1336 excute
1002 1283 1064 1354 Gu„

58 1378 112 1419 ene
122 1370 178 1420 tute
189 1364 222 1419 D.
245 1365 385 1435 Bergkius
405 1364 645 1435 mavult-secatae,
659 1367 779 1436 stmplex
795 1367 869 1421 enim
886 1367 1004 1420 verbum
1021 1383 1065 1421 se-

60 1449 163 1518 quendi
175 1448 228 1503 hae
240 1447 444 1519 significatione
457 1448 548 1502 solum
559 1449 617 1503 iere
629 1465 693 1504 esse
707 1450 847 1505 usitatum.
859 1477 901 1487 ——
918 1455 961 1507 15.
974 1449 1065 1521 Rapi-

57 1533 135 1601 dum]
150 1531 291 1604 Bergkius
305 1530 448 1585 rabidum:
460 1533 514 1586 etsi
527 1534 600 1587 enim
612 1548 691 1588 mare
702 1533 833 1604 rapidum
845 1530 963 1602 dleatur,
972 1539 1066 1588 tamen

59 1617 149 1687 aptius
160 1614 252 1671 videri
262 1615 398 1685 rabidum,
411 1616 515 1686 quippe
527 1614 603 1685 quod
613 1618 720 1671 rabiem
738 1617 824 1689 maris
834 1616 930 1671 Gallae
942 1618 1064 1675 tulerint.
1139 1616 1145 1629 “

57 1730 100 1741 -
116 1703 158 1759 16.
173 1699 275 1772 Pelope
286 1699 387 1770 scripsi
399 1700 435 1753 el.
448 1701 557 1754 Lucret.
570 1704 595 1769 6,
607 1703 669 1758 619.
693 1699 770 1754 Idem
785 1693 904 1756 coniecit
917 1701 1063 1772 Hauptius.

54 1785 149 1856 pelopi
164 1800 263 1839 omnes
280 1784 352 1838 libri.
369 1812 412 1822 —
432 1786 475 1840 28.
495 1782 716 1854 Strepitantibus]
734 1785 924 1855 trepttantibus
939 1784 972 1854 D,
988 1785 1064 1857 quod

58 1868 177 1938 correxi,
188 1867 386 1939 trepidantibus
398 1867 484 1922 aeteri
496 1868 568 1936 libri,
578 1868 675 1939 vulgo.
687 1897 730 1906 -
740 1872 783 1925 45.
797 1867 863 1940 Ipse
879 1885 978 1924 omnes
991 1869 1064 1938 libri,

56 1954 119 2023 ipsa
136 1950 341 2008 Lachmannus.
369 1951 522 2006 Mutatione
538 1967 596 2006 non
612 1958 654 2007 est
673 1969 755 2023 opus,
772 1953 874 2008 etenim
892 1952 965 2007 inest
981 1953 1010 2007 ln
1023 1954 1065 2008 vi·

58 2034 222 2092 eissitudine
233 2035 381 2091 masculini
396 2041 424 2090 et
435 2036 558 2091 feminini
571 2037 684 2108 generis
701 2036 814 2107 lepidus
831 2036 945 2108 quidam
963 2042 991 2091 et
1010 2038 1065 2092 ele·

58 2135 128 2192 gans
140 2120 229 2176 lusus.
240 2149 284 2159 —
294 2122 339 2179 47.
356 2119 505 2176 Aestnante
522 2123 633 2191 rusum]
644 2121 846 2193 Redintegravi
857 2121 974 2176 formam
987 2127 1065 2178 vetu-

58 2209 140 2274 stam,
149 2204 228 2261 euius
239 2205 360 2278 vestigia
371 2206 399 2260 in
411 2205 538 2261 omnibus
551 2207 628 2262 libris
639 2206 822 2262 delituerunt:
832 2209 973 2262 estuanter
983 2220 1066 2260 usum

59 2288 82 2344 G
94 2287 123 2360 C,
134 2295 294 2346 aestuanter
305 2291 412 2346 usumL
421 2291 460 2345 Dr
468 2290 528 2360 Gu„
537 2295 687 2347 aestuanter
698 2306 780 2347 nsum
786 2292 1065 2359 P„oestnanteusnm

60 2371 121 2443 Gu„
139 2378 287 2429 aestuanter
303 2377 391 2430 ubam
405 2374 438 2443 D,
455 2381 613 2430 estuantem
628 2376 669 2444 P,
689 2378 840 2430 estuantem
857 2372 907 2426 Pu.
927 2371 1065 2427 Furianus

58 2470 95 2510 ex
112 2457 325 2528 interpolatione
347 2473 464 2527 rursus,
481 2457 518 2511 ad
542 2458 698 2526 marginem
719 2462 812 2510 tamen
834 2452 1005 2522 adscriptum
1023 2459 1065 2511 est

57 2552 151 2594 nsum.
168 2540 263 2610 Vulgo
280 2554 404 2594 rursum.
423 2569 466 2578 -·
482 2544 526 2595 51.
547 2537 637 2593 Miser
653 2553 750 2591 omnes
769 2536 847 2605 libri,
861 2537 963 2589 misem
978 2537 1066 2610 Berg-

57 2622 133 2678 kius.
151 2650 194 2661 -
209 2628 252 2682 51.
270 2621 388 2688 Animae]
407 2620 453 2677 Sia
470 2621 581 2675 conieci
598 2626 702 2674 mutata
722 2620 958 2690 interpunctione;
975 2623 1066 2679 anime

58 2705 173 2762 codices
186 2710 213 2760 et
224 2704 361 2761 editiones
374 2719 481 2760 ornnes.
496 2702 707 2775 Saepenumero
717 2705 883 2776 praesertim
895 2703 924 2760 in
933 2704 990 2758 fine
1002 2722 1066 2761 ver·

58 2806 140 2846 suum
151 2791 163 2845 i
174 2788 287 2846 decidit.
302 2820 338 2830 —
352 2793 395 2846 68.
416 2789 476 2859 Epo
488 2804 563 2843 nune
576 2787 733 2859 Santonius,
749 2802 849 2860 eponae
864 2787 934 2870 ΕΜ,
951 2803 998 2861 epa
1014 2806 1066 2846 nee

57 2874 79 2929 D
93 2874 113 2928 L
126 2871 146 2928 C
158 2874 191 2943 P1
210 2873 262 2943 Gu,
280 2874 342 2943 Gu„
354 2886 438 2943 epona
448 2873 490 2944 P„
503 2886 571 2944 epon
582 2873 620 2927 ab
636 2873 842 2928 Lachmannus.
859 2901 901 2912 -
918 2875 961 2931 74.
974 2873 1067 2930 Sonus

58 2954 159 3031 editus]
178 2958 275 3014 Rosets
293 2950 325 3013 ut
342 2956 406 3010 bine
423 2956 525 3012 tabellis
540 2959 645 3012 sonitus
662 2958 729 3013 adiit
744 2958 820 3022 libri;
834 2958 933 3029 potam
950 2958 1067 3014 inseruIt

58 3043 93 3112 P,
103 3043 144 3097 Pu
158 3041 221 3114 Gu„
233 3042 364 3114 idemque
376 3041 405 3095 in
416 3042 544 3113 margine
556 3036 658 3097 h'abent
671 3042 693 3096 G
706 3041 779 3105 CM;
797 3040 948 3112 propalam
962 3044 1066 3097 sonitus

60 3126 116 3181 abit
128 3128 225 3197 vulgo,
236 3129 340 3183 sonitus
350 3126 416 3180 abiit
424 3127 497 3181 aeter
508 3125 713 3195 Lachmannus,
730 3140 815 3181 sonus
830 3128 901 3180 attus
917 3125 1066 3196 Bergkius,

54 3221 138 3262 sonus
148 3207 260 3262 editusF
262 3205 441 3262 roehliehius.
449 3208 502 3261 Pro
509 3203 572 3259 bine
580 3204 654 3276 quod
669 3211 712 3260 est
725 3205 843 3259 inlibris
858 3207 1066 3271 omnibus‚vul-

55 3307 91 3363 go
99 3291 172 3359 buia,
179 3290 230 3346 sed
246 3290 315 3345 illud
327 3292 446 3345 sortasse
457 3306 556 3344 verum
569 3295 612 3344 est
625 3290 658 3345 oi.
666 3294 808 3356 68,10.--
819 3291 862 3346 75.
870 3283 996 3364 deorum]
1005 3289 1067 3343 libri

55 3390 70 3427 e
82 3376 187 3447 glossa,
200 3375 296 3429 matris
307 3373 488 3431 Ahlwardtus
500 3380 526 3428 et
537 3380 635 3445 postea
647 3372 852 3429 Lachmannus.
860 3402 900 3412 —
912 3377 955 3432 76.
970 3373 1066 3428 Vincta

55 3458 169 3516 oodiees
180 3475 293 3527 omnes,
312 3459 387 3528 quod
400 3460 514 3528 retinui,
530 3461 621 3514 iuncta
634 3474 731 3514 omnes
743 3458 889 3514 editiones.
907 3487 949 3497 —
963 3463 1006 3516 88.
1020 3459 1065 3515 89.
