2302 3922
90 183 132 242 io
367 177 733 244 orimnorum.
756 190 800 244 64.

174 347 316 426 Perfide‚
339 346 463 408 deserto
484 345 604 427 liquisti
620 352 653 409 iu
670 349 783 425 litore,
806 347 954 409 Theseus
1008 351 1017 370 ’

175 422 296 493 Siccine
316 430 478 492 discedens
497 432 641 512 neglecto
659 433 784 493 numine
803 429 902 492 divum

102 525 152 578 135
172 516 324 575 inmemor
345 516 385 574 ah
407 514 516 575 devota
538 516 659 575 domum
678 516 815 597 periuria
834 518 961 595 portus?

172 596 304 659 Nullane
323 617 374 657 res
394 599 496 679 potuit
517 599 651 659 crudelis
671 602 801 660 flectere
820 602 932 659 mentis

174 680 367 743 Consilium?
387 683 445 741 tibi
466 681 549 742 nulla
569 684 630 743 fult
650 683 812 743 clementia
833 690 976 762 praesto,

171 766 282 825 lumite
301 771 336 824 ut
356 767 455 825 nostri
475 765 572 827 vellet
593 768 795 826 miserescere
816 767 948 846 pectus?

171 851 214 909 At
234 868 296 907 nou
317 849 393 909 haec
413 849 565 928 quondam
586 851 675 910 uobis
692 850 842 930 promissa
865 848 977 910 dedisti

100 943 151 999 140
171 933 274 992 Voce:
297 934 373 992 mihi
392 952 454 992 nou
475 935 552 993 haec
570 936 701 1013 misepae
723 950 850 1013 sperare
871 934 1013 1013 iubebas,

173 1015 237 1077 Sed
258 1018 408 1077 connubia
428 1013 525 1092 laeta,
547 1001 745 1096 sed-opimos
765 1018 968 1094 hymenaeos,
1034 1014 1041 1027 '

172 1101 256 1176 Quae
276 1107 387 1161 cuncta
405 1102 482 1160 aerii
502 1101 682 1180 discerpunt
700 1102 791 1160 irrita
810 1101 903 1159 venti.

59 1228 62 1233 -
173 1184 253 1243 Tum
273 1185 333 1244 iani
354 1182 438 1244 nulla
458 1186 524 1244 viro
546 1186 659 1244 iuranti
677 1185 791 1245 femina
811 1182 935 1261 credat,

170 1266 264 1328 Nulla
284 1269 344 1327 viri
365 1276 471 1346 speret
493 1287 651 1328 sermones
673 1286 742 1328 esse
762 1265 890 1341 fldeles3

97 1362 147 1414 145
169 1353 244 1427 Quis
265 1349 336 1410 dum
358 1349 475 1428 aliquid
496 1354 622 1431 cupiens
649 1353 765 1412 animus
782 1351 952 1430 praegestit
973 1353 1086 1431 apisci,

170 1434 223 1496 Nil
244 1439 385 1494 metuunt
405 1434 627 1512 iurarehnihil
647 1437 831 1515 promittere
850 1441 995 1514 pareunt:

58 1518 65 1529 '
172 1518 236 1578 Sed
257 1516 348 1590 simul
370 1536 405 1576 ac
427 1517 556 1596 cupidae
578 1520 689 1578 mentis
711 1518 819 1577 satiata
839 1516 937 1577 libido
959 1525 1022 1595 est,

170 1603 260 1661 Dicta
281 1600 360 1660 nihil
381 1607 537 1680 metuere,
559 1600 638 1660 nihil
658 1602 795 1681 periuria
817 1607 934 1660 curant.

171 1687 267 1746 Certe
288 1702 346 1762 ego
368 1689 400 1743 te
421 1685 455 1743 iu
476 1683 578 1744 medio
599 1691 773 1763 versantem
793 1685 918 1744 turbiue
938 1681 1000 1744 leti'

97 1779 149 1830 150
168 1768 295 1847 Eripui,
315 1775 348 1827 et
368 1769 472 1847 potius
491 1787 667 1846 germanum
689 1769 973 1846 amittere-crevi,-

170 1853 267 1927 Quam
290 1852 347 1910 tibi
367 1850 471 1911 fallaci
493 1870 635 1932 supremo
656 1853 689 1912 in
710 1858 851 1930 tempore
873 1849 1021 1911 deessem.

39 1913 42 1945 '
72 1963 74 1967 ·
169 1931 231 1995 Pro
254 1955 314 2014 quo
336 1933 531 1995 dilaceranda
552 1936 629 1995 feris
649 1935 746 1994 dabor
765 1933 949 2013 alitibusque

170 2019 305 2096 Praeda,
327 2037 429 2098 neque
449 2020 562 2079 Iniecta
581 2018 756 2079 tumulabor
778 2025 897 2077 mortua
916 2025 1009 2078 terra.
1082 2079 1090 2094 ¹,

171 2105 324 2180 Quaenam
346 2111 379 2162 te
398 2105 505 2182 genuit
524 2102 590 2163 sola
611 2104 666 2162 sub
687 2122 766 2183 rupe
786 2099 913 2178 leaena,

97 2198 147 2250 155
170 2187 259 2263 Quod
278 2207 363 2247 mare
383 2194 565 2269 conceptum
587 2189 795 2267 spumantibus
818 2186 923 2265 expuit
942 2184 1048 2262 undis,

171 2272 256 2348 Quae
277 2271 394 2352 Syrtis,
421 2291 499 2350 quae
524 2271 629 2351 Scylla
639 2291 763 2414 dpapan,
791 2288 868 2347 quae
894 2275 978 2328 vasta
1004 2269 1085 2329 cna-

580 2377 597 2415 r
617 2357 637 2414 b
662 2357 687 2413 's

172 2439 261 2499 Talia
284 2439 336 2518 qui
356 2438 468 2509 reddis,
483 2458 541 2518 pro
563 2376 648 2498 dulci
666 2397 802 2518 piaemia
822 2436 905 2495 vital

171 2522 205 2582 Si
226 2523 284 2581 tibi
303 2541 366 2581 uon
387 2520 474 2581 cordi
494 2522 618 2580 fuerant
640 2522 791 2604 connubia
811 2521 953 2597 uostru‚'

171 2604 267 2664 Saeva
290 2604 372 2683 quod
392 2606 541 2664 horrebas
560 2606 655 2684 prisci
676 2611 843 2684 praecepta
860 2604 1015 2682 parentis,
1063 2641 1066 2648 ·
1111 2592 1119 2612 '

98 2696 147 2748 160
170 2687 212 2748 At
230 2690 383 2747 tamenin
403 2694 521 2753 vestras
540 2686 805 2767 potuistiduoere
825 2686 933 2766 sedes,

169 2770 255 2846 Quae
276 2772 334 2830 tibi
355 2770 487 2830 iocunda
509 2769 675 2830 famularer
696 2789 783 2830 serva
799 2768 907 2829 labore

169 2853 308 2914 Candida
328 2853 525 2934 permulcens
545 2851 671 2933 liquidis
692 2855 821 2931 vestigia
838 2852 973 2932 lymphis

167 2937 365 3018 Purpureave
382 2945 467 2998 tuum
489 2945 690 2998 consternens
711 2943 797 2997 veste
820 2934 931 2996 cubile.

170 3021 234 3081 Sed
256 3020 329 3099 quid
351 3040 408 3100 ego
429 3023 544 3099 ignaris
565 3024 768 3101 nequicquam
792 3039 964 3099 conquerar
984 3018 1083 3096 auris,

101 3113 150 3168 165
170 3105 338 3166 Euteruatu
357 3103 453 3183 malo,
474 3124 550 3184 quae
570 3104 665 3166 nullis
686 3105 825 3164 sensibus
847 3111 953 3164 auctae

168 3189 233 3248 Nec
253 3190 359 3250 missas
382 3188 488 3249 audire
509 3197 624 3266 queunt
644 3207 703 3249 uec
725 3187 859 3249 reddere
880 3187 994 3248 voces?

167 3271 225 3332 llle
246 3278 347 3332 autem
360 3265 465 3355 prope
485 3273 544 3331 iam
566 3271 675 3333 mediis
696 3277 836 3331 versatur
855 3272 888 3332 in
908 3270 1015 3348 undis,

167 3357 233 3416 Nec
255 3358 412 3436 quisquam
434 3365 561 3437 apparet
579 3376 671 3417 vacua
692 3354 830 3416 mortalis
852 3358 885 3414 iu
907 3353 984 3439 ⁸¹8⁸:

168 3440 221 3500 Sic
241 3442 331 3500 nimis
351 3441 501 3502 insultans
524 3449 661 3503 extremo
679 3448 820 3522 tempore
836 3457 925 3500 saeva

234 3732 254 3755 ι’.
311 3716 324 3791 ἱ

235 3764 244 3775 ρ

230 3780 232 3785 ¹
264 3793 267 3803 s

217 3818 280 3873 ΜΨ
