2302 3922
95 219 154 284 108
467 223 660 279 passsam
980 224 1049 298 [vn

155 384 302 470 Denique
324 388 394 470 quis
415 389 526 452 nostro
550 409 680 453 curvum
700 388 733 451 te
755 385 866 450 firnere
887 384 979 468 vidit,

198 472 311 535 Atram
333 472 404 555 quis
418 471 557 537 lacrimis
578 471 747 536 incaluisse
768 469 899 555 togam?

155 553 190 620 Si
211 556 317 640 piguit
336 559 446 638 portas
460 557 545 621 ultra
563 556 748 640 procedere,
770 557 810 617 at
824 553 902 618 illuc

105 650 140 701 80
195 637 356 722 Iussisses,
378 640 497 705 lectum
517 640 633 705 lentius
655 640 701 703 ire
723 644 838 702 meum.

156 721 221 789 Cur
241 727 354 788 ventos
375 746 443 789 non
464 725 533 808 ipse
553 723 652 808 rogis,
673 723 808 807 ingrate,
830 720 962 805 petisti?

198 806 261 873 Cur
281 809 382 873 nardo
402 810 547 873 flammae
567 828 634 872 non
656 807 763 870 oluere
784 805 896 870 meae?

155 890 227 956 Hoc
248 892 345 956 etiam
365 913 462 976 grave
483 895 566 970 erat,
589 891 679 956 nulla
692 889 837 954 mercede
858 887 1051 974 hyacinthos

196 975 319 1040 Inicere
341 981 374 1041 et
394 975 496 1041 fracto
518 976 613 1041 busta
633 976 720 1058 piare
743 973 830 1038 cado.

105 1069 139 1120 55
154 1057 336 1208 Lygdamus
358 1062 475 1144 uratrrr,
498 1060 667 1157 candescat
686 1058 958 1155 laminaverna‘et

155 1226 202 1291 n
220 1165 496 1324 dihssibdd,
503 1142 768 1292 tltztdlt
781 1141 961 1291 tltdl·

198 1311 293 1377 Dicet
313 1313 479 1378 damnatas
500 1313 594 1398 ignea
614 1314 698 1375 testa
718 1331 841 1374 manus.

156 1394 243 1471 Quae
265 1396 360 1460 modo
382 1419 440 1480 per
463 1397 539 1461 viles
559 1396 735 1478 inspectast
754 1393 883 1477 puplica
902 1395 1025 1478 noctes,

105 1491 140 1541 40
196 1479 284 1543 Haec
305 1501 391 1544 nunc
413 1485 522 1543 aurata
542 1479 672 1574 cyclade
694 1479 802 1563 signat
822 1476 953 1540 humum

155 1562 375 1709 EtGgmvlord
388 1561 673 1708 rypelffilssiffllfis
694 1583 795 1708 pgnsa
815 1560 968 1709 qspasillis,

154 1727 187 1792 N
188 1666 335 1877 offilguz
349 1665 897 1878 qdodalc’ffaldqtbffiitbdurrppthlihdenta
907 1748 1053 1812 coronas,

225 1833 243 1875 o
279 1833 324 1876 crs
345 1835 458 1877 mmun
510 1833 582 1876 vrnc
620 1835 640 1876 a
660 1833 718 1878 sen
780 1835 877 1878 anus:

105 1909 139 1958 45
154 1895 305 1962 Caeditur
327 1901 360 1962 et
379 1897 497 1983 Lalage
518 1897 613 1961 tortis
636 1919 790 1981 suspensa
812 1897 945 1980 capillis,

196 1979 259 2045 Per
279 2001 397 2045 nomen
418 1982 599 2065 quoniamst
626 2003 702 2046 ausa
721 2003 836 2067 rogare
857 2002 972 2046 meum.

154 2063 199 2130 Te
220 2066 361 2149 patiente
382 2086 470 2130 meae
492 2065 644 2130 conflavit
664 2066 815 2150 imaginis
837 2087 959 2148 aurum

196 2149 339 2214 Ardente
361 2171 378 2214 e
399 2154 509 2214 nostro
532 2149 639 2214 dotem
660 2149 808 2215 habitura
828 2170 917 2234 rogo.

153 2232 230 2298 Non
250 2236 359 2297 tamen
379 2234 532 2317 insector,
555 2235 697 2318 quamvis
719 2254 873 2316 mereare,
888 2231 1051 2317 Properti:

105 2329 139 2378 50
194 2314 309 2402 Longa
329 2339 400 2382 mea
421 2319 456 2381 in
476 2319 567 2383 libris
589 2340 690 2404 regna
710 2318 798 2382 fuere
818 2317 892 2382 tuis.

154 2400 227 2464 Iuro
249 2422 310 2486 ego
331 2401 484 2466 Fatorum
504 2403 585 2468 nulli
606 2403 781 2468 revolubile
803 2422 945 2484 carmen,

195 2484 467 2570 Tergeminusque
489 2488 575 2552 canis
597 2489 643 2552 sic
664 2487 745 2551 mihi
765 2486 863 2551 molle
884 2489 986 2570 sonet,

156 2569 207 2633 lde
228 2591 369 2634 servasse
390 2570 495 2635 fidem.
518 2571 546 2636 si
566 2571 662 2655 fallo,
684 2572 794 2656 vipera
814 2570 933 2634 nostris

196 2653 310 2720 Sibilet
330 2655 365 2718 in
386 2655 518 2719 tumulis
540 2658 572 2719 et
586 2677 680 2738 super
701 2677 774 2720 ossa
796 2655 899 2719 cubet.

104 2750 137 2800 55
152 2737 237 2804 Nam
282 2738 419 2802 eminast
440 2738 529 2803 sedes
550 2742 676 2822 turpem
702 2739 815 2802 sortita
835 2757 893 2820 per
914 2756 1049 2820 amnem,

195 2760 363 2905 Turbaque
386 2822 510 2886 diversa
522 2823 658 2906 remigat
679 2821 782 2916 omnis
804 2839 894 2902 aqua.

153 2905 258 2984 †Vna
270 2905 518 2988 Clytaemestrae
535 2909 679 2989 stuprum
694 2902 790 2984 vehrt,
806 2902 906 2966 altera
918 2899 1050 2970 Cressae

196 2990 340 3066 †Portat
353 2990 506 3055 mentitae
527 2990 634 3074 lignea
654 2989 797 3050 monstra
819 2985 919 3053 bovis.

153 3074 237 3140 Ecce
259 3078 411 3140 coronato
456 3095 507 3137 ars
527 3073 626 3136 altera
645 3073 736 3134 vecta
756 3070 898 3154 phaselo,

104 3172 138 3222 60
194 3159 315 3224 Mulcet
335 3159 391 3224 ubi
411 3097 538 3240 Elysias
560 3175 635 3219 aura
655 3154 749 3219 beata
769 3177 869 3238 rosas,

153 3241 224 3319 Qua
237 3265 407 3309 numerosa
420 3241 507 3324 fides,
524 3260 646 3324 quaque
666 3261 739 3304 aera
752 3240 890 3305 rutunda
905 3239 1049 3326 Cybebes

196 3326 396 3412 Mitratisque
419 3327 536 3392 sonant
549 3323 649 3409 Lydia
662 3324 784 3408 plectra
805 3325 921 3390 choris.

154 3410 420 3497 Andromedeque
448 3414 481 3476 et
501 3409 729 3494 Hypermestre
757 3411 826 3476 sine
852 3409 963 3475 fraude
983 3430 1048 3474 ma·

697 3496 777 3561 ritae

17 3696 153 3841 sn
