2302 3922
5 3648 127 3794 Λ

44 3834 89 3886 :A

112 232 153 295 68
496 231 690 288 0000011111
1000 231 1079 301 [un

125 410 159 459 30
215 397 334 479 Eurus,
358 397 446 459 etin
466 395 567 459 nubes
588 393 672 457 unde
693 394 843 477 perennis
865 414 961 476 aqua,

175 480 225 545 Sit
246 484 379 544 ventura
400 479 481 560 dies,
503 477 614 542 mundi
637 499 716 560 quae
738 477 871 541 subruat
892 497 995 560 arces,

215 564 396 646 Purpureus
441 562 542 626 luvias
569 583 624 625 cur
645 562 727 625 bibit
749 583 839 625 arcus
862 582 974 643 aquas,

173 648 242 711 Aut
264 667 319 710 cur
339 585 512 710 Perrfiaebi
532 649 689 709 tremuere
715 646 878 709 cacumina
898 644 1008 728 Pindi,

217 730 300 795 Solis
323 734 355 794 et
376 730 486 793 atratis
508 730 625 793 luxerit
646 729 731 793 orbis
754 729 858 812 equis,

126 825 159 876 35
175 813 240 879 Cur
261 835 348 878 serus
371 835 495 877 versare
517 814 614 877 boves
637 817 669 875 et
689 813 831 896 plaustra
852 813 986 895 Bootae,

215 897 381 961 Pleiadum
403 898 506 980 spisso
529 918 584 960 cur
606 897 670 959 coit
690 898 766 980 igne
789 897 917 979 chorus,

176 981 278 1046 Curve
300 1002 374 1045 suos
396 980 474 1044 fines
497 980 597 1044 altum
617 1000 684 1043 11011
706 984 797 1044 excat
817 1002 949 1065 aequor,

215 1064 333 1129 Plenus
355 1067 388 1128 et
408 1065 443 1128 in
463 1067 569 1147 partes
592 1066 727 1146 quatuor
749 1085 851 1129 annus
874 1069 938 1146 eat,

176 1148 241 1213 Sub
262 1149 355 1211 terris
378 1149 443 1211 sint
464 1149 533 1210 iura
548 1147 641 1210 deum
664 1150 695 1210 01
708 1151 868 1213 tormenta
888 1150 1071 1232 nocentum,

126 1244 159 1292 40
215 1232 407 1314 Tisiphones
429 1234 498 1294 atro
522 1231 549 1294 si
569 1230 649 1293 furit
670 1252 774 1315 angue
797 1236 904 1316 caput,

174 1315 242 1379 Aut
263 1316 489 1379 Alcmaeoniae
510 1314 612 1378 furiae
634 1317 688 1377 aut
708 1316 828 1379 ieiunia
848 1315 976 1398 Phinei,

217 1399 304 1462 Num
324 1402 409 1480 rota,
431 1420 509 1461 num
524 1398 660 1481 scopuli,
683 1420 761 1463 num
775 1400 845 1463 sitis
861 1399 944 1464 inter
959 1421 1072 1482 aquas,

175 1481 262 1547 Num
283 1482 385 1545 tribus
406 1482 566 1545 infernum
588 1482 728 1546 custodit
747 1483 893 1548 faucibus
914 1485 1040 1547 antrum

219 1564 390 1647 Cerberus,
414 1568 446 1628 et
467 1565 560 1648 Tityo
583 1566 693 1650 iugera
714 1588 816 1650 pauca
835 1587 966 1649 novem,

126 1661 159 1710 45
174 1649 227 1712 An
248 1648 324 1711 ficta
344 1648 379 1711 in
400 1648 531 1712 miseras
554 1647 718 1713 descendit
738 1651 848 1714 fabula
871 1652 998 1734 gentes,

217 1731 261 1794 Et
282 1733 378 1795 timor
399 1731 478 1796 haut
499 1732 583 1796 ultra
604 1754 698 1816 quam
719 1756 817 1819 rogus
839 1754 908 1797 esse
928 1736 1045 1816 potest.

175 1814 289 1880 Exitus
312 1815 364 1880 hic
386 1817 469 1879 vitae
492 1820 619 1899 superet
639 1817 733 1881 mihi:
755 1838 827 1900 vos,
850 1817 963 1963 1311111110
986 1837 1075 1880 arma

219 1897 317 1963 Grata
338 1901 455 1983 megia,
479 1898 585 1964 Crassi
608 1902 701 1986 signa
722 1901 836 1966 referte
880 1921 995 1964 omum.

519 2041 663 2050 n——-

519 2112 552 2185 v
580 2113 669 2206 [11].

175 2232 237 2297 Dic
258 2233 337 2297 mihi
359 2233 397 2298 de
419 2238 541 2318 nostra,
564 2257 644 2318 quae
666 2236 779 2317 sentis,
802 2257 876 2300 vera
896 2237 1016 2320 puella:

220 2316 273 2382 Sic
294 2318 354 2382 tibi
376 2319 441 2381 sint
463 2319 624 2401 dominae,
641 2319 819 2403 Lygdame,
842 2320 970 2404 dempta
990 2321 1073 2403 iuga.

175 2400 262 2466 Num
283 2423 334 2465 me
356 2401 477 2465 laetitia
498 2403 705 2467 tumefactum
726 2403 812 2467 fallis
834 2404 936 2485 inani,

218 2485 306 2549 Haec
327 2485 484 2568 referens,
512 2506 591 2568 quac
613 2508 664 2549 me
687 2487 813 2552 credere
834 2487 915 2552 velle
936 2486 1052 2569 putas?

149 2567 292 2632 oOmnis
315 2569 400 2632 enim
423 2569 518 2633 debet
538 2571 607 2634 sine
628 2591 711 2635 vano
733 2571 863 2635 nuntius
886 2592 969 2653 esse,

219 2650 436 2736 Maioremque
457 2653 574 2718 timens
597 2676 705 2719 servus
726 2653 843 2719 habere
864 2655 969 2718 fidem.

175 2734 271 2799 Nunc
291 2734 385 2817 mihi,
409 2736 500 2818 siqua
513 2740 617 2820 tenes,
641 2739 681 2802 ab
703 2738 827 2821 origiue
848 2737 951 2801 dicere
972 2737 1076 2819 prima

218 2817 345 2900 Incipe:
369 2820 530 2902 suspensis
553 2823 680 2886 auribus
702 2822 763 2884 ista
784 2820 899 2884 bibam.

176 2900 283 2966 Sicine
306 2923 375 2964 eam
396 2901 567 2987 incomptis
589 2905 697 2969 vidisti
717 2904 792 2967 flere
814 2901 959 2985 capillis?

129 2998 161 3047 10
217 2984 307 3049 Illius
330 3005 369 3048 ex
391 2986 491 3050 oculis
513 2989 613 3052 multa
635 2986 768 3052 cadebat
789 2986 889 3069 aqua?

176 3068 245 3134 Nec
268 3070 431 3152 speculum
454 3074 553 3135 strato
574 3071 698 3153 vidisti,
720 3068 896 3154 Lygdame,
919 3072 1024 3136 lecto?

220 3151 363 3216 Omabat
384 3155 493 3218 niveas
514 3156 643 3219 nullane
665 3174 792 3238 gemma
812 3155 947 3219 manus?

176 3236 222 3299 At
242 3239 396 3301 maestam
418 3239 536 3302 teneris
557 3243 677 3302 vestem
699 3238 836 3321 pendere
858 3239 1000 3322 lacertis,

219 3318 405 3404 Scriniaque
427 3322 467 3385 ed
488 3323 563 3387 lecti
584 3322 692 3385 clausa
712 3322 814 3388 iacere
835 3323 954 3407 pedes?

128 3410 160 3462 16
175 3403 288 3467 Tristis
310 3409 379 3469 erat
392 3404 519 3488 domus,
542 3407 574 3469 et
587 3405 694 3470 tristes
716 3429 772 3471 sua
792 3429 891 3491 pensa
910 3407 1073 3471 ministrae

220 3485 414 3573 Carpebant,
438 3488 542 3554 medio
564 3489 661 3554 nebat
684 3495 717 3555 et
737 3491 807 3575 ipsa
827 3491 913 3573 loce,
