2302 3922
349 252 542 313 ontulit
565 251 696 314 cluit
715 263 758 318 68.
1014 255 1056 318 59

178 423 273 498 Esse,
295 420 377 500 quod
395 422 446 485 hio
466 423 602 501 quisquis
623 421 662 481 de
683 421 813 482 meliore
832 430 905 482 noto
960 427 962 431 ’
987 442 995 458 ⁴

137 505 265 584 Frigido
285 505 409 565 deserto
430 507 581 585 tepeiaxit
601 507 737 566 membro
758 505 863 584 cubili,

74 600 114 655 30
176 590 229 666 ld,
248 588 362 665 Manli,
380 607 443 647 non
465 597 513 649 est
533 596 642 669 turpe,
663 591 758 668 mgis
777 591 922 651 miserum
943 597 1001 652 est.

137 675 280 752 ignosces
301 674 412 751 igitur,
431 673 473 749 si,
497 690 574 751 quoe
595 673 671 732 mibi
690 672 790 751 luctus
811 673 936 752 ademit,

178 756 264 817 Haec
285 758 343 815 tibi
363 775 424 814 non
445 757 547 816 tribuo
568 775 712 836 munere,
733 777 801 818 cum
822 776 953 837 nequeo.

135 842 222 918 Num,
239 839 322 918 quod
336 841 522 919 scriptorum
536 859 599 899 non
613 859 720 918 mogus
736 849 785 900 est
800 843 888 921 copis
901 841 982 922 opud
995 859 1055 919 me,

178 925 246 985 Hoc
268 925 319 1003 lit,
343 922 424 1002 quod
446 923 561 983 Romae
582 926 724 984 vivimus:
741 923 798 984 ills
819 924 944 1003 domus,

55 1017 118 1072 '35
139 1007 196 1068 llla
217 1009 292 1067 mibi
315 1006 424 1084 sedes,
446 1006 512 1066 illic
532 1027 600 1068 meo
622 1008 759 1087 carpitur
781 1016 878 1090 octus:

177 1092 246 1152 Huc
268 1111 327 1151 uns
346 1110 384 1150 ex
404 1089 507 1150 multis
527 1090 651 1171 capsula
669 1110 718 1152 me
740 1094 890 1171 sequitur.

93 1215 95 1220 ,
138 1175 226 1254 Quod
246 1195 313 1235 curn
334 1176 379 1234 ito
400 1176 458 1251 sit,
480 1174 576 1244 uolirn
596 1182 710 1235 statum
731 1195 788 1236 nos
803 1183 908 1236 mente
923 1174 1055 1254 maligne

177 1259 212 1319 ld
233 1261 338 1319 iacere
360 1266 412 1318 unt
434 1260 533 1318 animo
554 1278 616 1318 non
638 1261 711 1319 sutis
732 1260 884 1339 ingenuo,

139 1343 228 1422 Quod
246 1345 305 1402 tibi
325 1361 388 1401 non
407 1344 568 1420 utriusque
587 1345 709 1422 petenti
730 1346 818 1425 coplu
838 1343 920 1404 luctu
941 1350 1006 1404 est:

75 1437 114 1491 40
176 1425 268 1488 Ultro
290 1444 347 1504 ego
370 1425 544 1505 deferrem,
566 1428 653 1506 copis
674 1428 762 1506 siqus
782 1429 875 1488 foret.

461 1633 644 1698 LXVIIIb.

139 1747 206 1808 Non
227 1767 350 1827 possum
371 1751 524 1826 reticere,
544 1749 636 1827 desc,
659 1770 718 1829 qus
738 1767 788 1808 me
809 1747 909 1809 Allius
929 1750 962 1808 in
983 1767 1018 1808 re

179 1832 293 1891 luverlt
315 1839 366 1891 sut
389 1835 511 1911 quantis
531 1835 643 1893 iuverit
665 1834 791 1894 officiis:
853 1897 856 1900 Δ

139 1914 202 1975 Nec
223 1916 345 1994 fugiens
366 1916 477 1976 saeclis
497 1916 748 1978 obliviscentibus
770 1924 855 1976 octos

178 1998 264 2059 Illius
286 2001 346 2059 boc
368 2000 459 2060 caece
480 2009 573 2061 nocte
594 2008 679 2080 teget
699 1999 850 2062 studium:

82 2090 117 2144 45
139 2082 202 2142 Sed
223 2083 322 2143 dicum
342 2085 446 2160 vobis,
464 2104 518 2144 vos
538 2104 633 2164 porro
654 2084 750 2145 dicite
771 2082 876 2144 multis

178 2166 318 2227 Milllbus
341 2174 373 2225 ct
394 2168 488 2226 facite
510 2169 587 2227 boec
609 2169 716 2243 chorte
735 2166 881 2247 loquutur
901 2185 976 2226 uuus

176 2334 385 2413 Notescatque
402 2335 497 2412 magis
516 2341 654 2395 mortuus
675 2342 766 2413 utque
787 2334 899 2411 mugio,

136 2418 201 2477 Nec
221 2425 347 2479 tenuem
368 2425 476 2478 texens
498 2417 637 2480 sublimis
656 2437 768 2480 mones
788 2417 881 2478 telem

83 2509 120 2562 50
181 2502 215 2561 ln
236 2502 362 2562 deserto
385 2501 449 2564 Alli
470 2505 593 2563 nomine
615 2523 691 2584 opus
711 2503 814 2562 facist.

30 2624 31 2627 =
137 2585 229 2662 Num,
251 2587 437 2665 mihiquem
460 2586 584 2647 dederit
604 2586 719 2668 duplex
738 2585 918 2647 Amstbusis
942 2605 1053 2662 curem,

180 2669 294 2749 Scitis,
313 2677 347 2729 et
366 2672 399 2731 in
420 2690 479 2750 quo
501 2690 550 2732 me
573 2673 728 2732 corruerit
750 2688 882 2750 genere,

138 2753 215 2812 Cum
236 2760 354 2815 tanturn
375 2755 519 2816 arderem
541 2762 686 2835 quantum
706 2755 869 2817 Trinacrio
889 2771 982 2833 rupes

177 2836 377 2918 Lympboque
398 2839 431 2898 in
453 2839 578 2900 Oetaeis
598 2838 696 2901 Molis
718 2836 956 2918 Thermopylis,

84 2929 118 2981 55
139 2920 260 2980 Maesta
278 2940 380 3000 neque
400 2922 521 2982 ossiduo
543 2926 706 2984 tabescere
726 2922 843 2982 lumino
864 2923 940 2982 lietu

156 3074 162 3087 ,
180 3006 348 3065 cessarent
366 3007 512 3085 tristique
533 3008 633 3067 imbre
654 3005 780 3068 msdere
802 3022 907 3084 genre.

140 3086 245 3163 Qualis
266 3089 298 3147 in
321 3090 396 3148 serii
420 3090 587 3169 perlucens
608 3093 726 3152 vertice
746 3090 859 3150 montis

178 3173 270 3232 Rivus
291 3192 431 3233 muscoso
449 3175 573 3253 prosilit
594 3195 612 3239 e
632 3173 752 3255 lupide,

137 3255 196 3330 Qui
219 3277 287 3316 cum
308 3255 347 3317 de
368 3277 466 3337 prono
486 3262 637 3339 praeceps
658 3265 707 3318 est
726 3255 806 3316 velle
826 3255 963 3332 volutus,

83 3346 120 3400 60
181 3340 242 3399 l'er
264 3340 398 3401 medium
421 3340 510 3401 densi
528 3344 639 3403 transit
659 3344 722 3401 iter
739 3339 860 3420 populi,

137 3422 235 3483 Dulce
256 3425 367 3485 viatori
383 3423 465 3485 lssso
486 3427 519 3486 in
540 3425 653 3486 sudore
673 3423 830 3499 levamen,

180 3510 256 3567 Gurn
276 3509 377 3586 gravis
397 3508 520 3571 exustos
539 3515 644 3572 uestus
659 3505 785 3570 liiulcut
801 3525 915 3586 ugrum.
1036 3516 1040 3524 ·
