2302 3922
97 188 195 259 xxm]
490 188 598 244 imm
617 189 667 245 m.
1016 184 1057 249 51

132 349 247 414 aNam
267 371 338 414 mea
358 371 430 415 cum
444 350 572 432 recitat,
593 350 671 414 dicit
691 370 724 415 se
739 350 842 415 odisse
856 351 981 416 beatos:
1025 361 1058 411 25

204 432 353 497 Carmina
373 437 440 497 tam
463 436 572 497 sancte
594 434 682 498 nulla
704 435 812 516 puella
834 435 919 499 colit.

160 516 299 582 Multum
325 518 360 581 in
388 538 494 581 amore
523 517 617 597 fides,
651 518 788 665 multurp
815 519 995 583 constantia
1110 563 1113 567 -

726 623 761 666 ro
785 606 848 667 est:

205 685 267 759 Qui
282 684 356 748 dare
371 685 472 749 multa
485 687 601 768 potest,
616 625 725 748 multd)
733 689 766 749 et
779 707 885 750 amare
899 688 1014 770 potest.

162 769 225 833 Seu
246 790 332 832 mare
353 790 410 852 per
431 769 566 853 longum
587 789 659 832 mec
680 769 800 853 cogitet
820 771 866 833 ire
886 770 1009 916 puella,

114 865 146 914 10
201 851 294 915 Hane
316 873 429 935 sequar
451 855 483 916 et
503 852 584 916 fidos
606 874 671 916 una
693 855 768 937 aget
788 874 864 916 aura
906 874 975 918 uos.
1024 864 1058 914 30

161 935 269 999 Vnum
291 936 366 999 litus
389 936 450 1000 erit
471 936 582 1019 sopitis
604 958 730 1019 unaque
750 939 835 1000 tecto

204 1020 324 1102 Arbor,
347 1022 379 1083 et
400 1041 439 1083 ex
459 1041 524 1083 una
545 1041 639 1102 saepe
660 1019 806 1084 bibemus
829 1041 925 1103 aqua,

161 1102 206 1167 Et
219 1104 328 1166 tabula
342 1124 407 1166 una
421 1103 500 1166 duos
514 1104 633 1185 poterit
648 1124 828 1187 conponere
843 1107 1001 1187 amantes,

204 1187 304 1250 Prora
326 1186 428 1250 cubile
449 1185 529 1250 mihi
551 1204 607 1251 seu
627 1186 707 1250 mihi
728 1187 843 1271 puppis
866 1188 934 1252 erit.

114 1284 145 1332 15
162 1270 278 1336 Omnia
298 1271 473 1354 perpetiar:
496 1292 607 1335 saevus
629 1271 763 1335 licetur
787 1274 838 1335 eat
858 1271 963 1334 Eurus
1024 1281 1057 1332 35

203 1354 346 1437 Velaque
367 1355 403 1418 in
423 1355 580 1419 incertum
601 1353 736 1439 frigidus
758 1293 876 1419 duster
897 1357 988 1439 agat,

163 1438 359 1521 Quicumque
381 1440 413 1502 et
427 1438 514 1502 venti
535 1438 686 1502 miserum
699 1438 838 1504 vexastis
856 1437 975 1503 Vlixen

204 1522 249 1586 Et
268 1521 416 1586 Danaum
437 1520 581 1587 Euboico
603 1523 710 1587 littore
732 1523 819 1587 mille
839 1526 939 1605 rates,

162 1605 207 1670 Et
221 1607 275 1689 qui
290 1607 434 1671 movistis
450 1606 511 1671 duo
531 1607 690 1690 †littora‚
713 1627 784 1671 cum
805 1606 892 1671 rudis
907 1607 1014 1691 Argus

113 1703 147 1752 20
204 1690 277 1754 Dux
299 1693 367 1755 erat
387 1691 498 1774 ignoto
520 1690 618 1755 missa
640 1691 787 1755 columba
806 1691 896 1755 mari.
1023 1701 1058 1751 40

162 1773 224 1838 Illa
245 1776 324 1838 meis
346 1778 472 1838 tantum
493 1795 559 1839 non
579 1796 728 1858 umquam
752 1775 835 1839 desit
855 1773 979 1857 ocellis,

204 1858 359 1922 Incendat
379 1880 493 1922 navem
514 1857 657 1942 Iuppiter
681 1860 749 1942 ipsc
771 1858 855 1922 licet.
1044 1934 1046 1939 Ι

163 1940 257 2006 Certe
279 1942 379 2006 isdem
401 1941 479 2006 nudi
500 1942 620 2025 pariter
641 1942 830 2006 iactabimur
851 1940 930 2004 oris:

205 2025 258 2089 Me
280 2026 354 2089 licet
375 2025 462 2089 undo
482 2026 579 2109 ferat,
600 2029 632 2089 te
654 2025 749 2089 modo
771 2028 857 2089 terra
877 2027 978 2109 tegat.

113 2122 146 2172 25
162 2107 224 2174 Sed
245 2130 312 2173 non
333 2109 502 2193 Neptunus
523 2112 614 2174 tanto
638 2109 773 2174 crudelis
796 2108 911 2191 amori,
1023 2119 1057 2171 45

204 2193 373 2277 Neptunus
394 2193 488 2258 fratri
508 2214 566 2277 par
590 2194 625 2258 in
647 2214 754 2257 amore
775 2192 854 2257 Iovi.

162 2277 266 2342 Testis
286 2279 480 2360 Amymone,
500 2277 611 2343 latices
632 2299 704 2343 cum
724 2277 836 2359 ferret,
856 2276 892 2339 in
911 2275 1009 2360 Argis

206 2360 387 2444 Conpressa
409 2365 442 2426 et
462 2361 583 2426 Lernae
605 2362 698 2446 pulsa
718 2361 856 2424 tridente
877 2359 979 2443 palus.

161 2445 231 2509 lam
253 2445 330 2509 deus
353 2446 500 2528 amplexu
521 2448 631 2509 votum
652 2445 820 2529 persolvit,
843 2445 876 2507 at
896 2443 945 2506 illi

93 2540 147 2601 ,00
202 2529 309 2592 Aurea
330 2528 454 2611 divinas
475 2550 555 2592 urna
575 2529 718 2613 profudit
739 2549 846 2611 aquas
1023 2538 1058 2589 50

164 2610 331 2676 Crudelem
353 2615 385 2676 00
406 2611 533 2676 Borean
553 2616 646 2697 rapta
669 2612 815 2695 Orithyia
835 2610 978 2694 negavit:

204 2695 267 2759 Hic
289 2695 365 2759 deus
387 2699 420 2761 et
439 2699 539 2760 terras
562 2700 594 2760 et
615 2697 715 2760 maria
736 2697 801 2759 alta
823 2694 941 2758 domat.

162 2779 264 2846 Crede
285 2779 381 2862 mihi,
402 2780 496 2844 nobis
510 2781 657 2845 mitescet
671 2779 777 2862 Scylla
790 2800 850 2843 uec
865 2799 1014 2862 umquam

204 2865 394 2928 Alternante
416 2884 533 2928 vacans
555 2867 646 2929 vasta
668 2862 843 2946 Charybdis
866 2884 961 2946 aqua,

113 2959 145 3009 35
160 2947 295 3031 Ipsaque
317 2949 420 3013 sidera
440 2951 532 3012 erunt
551 2948 648 3014 nullis
669 2948 803 3012 obscura
823 2946 979 3012 tenebris:
1022 2956 1055 3006 55

204 3031 306 3095 Purus
328 3035 360 3095 et
375 3033 489 3116 Orion,
511 3054 608 3116 purus
631 3035 663 3096 et
684 3030 812 3096 Haedus
835 3030 903 3094 erit.

164 3114 254 3191 Quod
276 3114 356 3178 mihi
377 3116 403 3178 si
425 3116 572 3199 ponenda
596 3119 651 3180 tuo
674 3115 717 3179 sit
739 3133 869 3196 corpore
891 3111 972 3195 vita,

204 3199 317 3263 Exitus
338 3198 391 3262 hic
413 3199 505 3263 nobis
526 3220 593 3263 non
614 3198 803 3262 inhonestus
825 3195 893 3259 erit.
