2302 3922
91 178 214 249 xvnn]
480 175 588 230 arnan
609 176 657 230 nr.
1011 169 1051 233 47

198 336 375 402 Custodum
398 339 430 400 et
450 337 538 400 nullo
562 338 673 418 saepta
693 336 822 417 timore,
845 336 958 419 placet.

155 420 215 486 Oui
226 442 320 504 saepe
333 419 487 483 inmundo
500 419 595 484 Sacra
607 420 780 483 conteritur
791 419 852 482 Via
867 441 959 483 sooeo
967 468 976 502 ,
1020 432 1052 480 15

196 504 265 568 Nee
288 504 365 567 sinit
386 525 455 568 esse
476 523 612 585 moram,
636 503 734 585 siquis
757 503 843 567 adire
865 503 950 567 velit.

153 587 287 651 Differet
301 587 380 651 haee
391 608 565 669 numquam
577 607 636 649 nee
648 590 758 669 poscet
767 587 905 671 garrula,
922 586 1005 669 quod
1019 589 1052 649 to

196 671 356 734 Astrietus
378 671 484 753 ploret
506 691 598 753 saepe
621 669 744 733 dedisse
766 673 871 752 pater,

153 754 222 819 Neo
237 754 321 817 dicet
336 756 449 817 ‘timeo
456 802 465 836 ,
480 773 617 849 propera
631 752 695 816 iam
710 774 854 848 surgere,
869 773 1000 836 quaeso:

195 837 328 917 Infelix,
351 835 445 900 hodie
467 837 515 900 vir
536 834 615 900 mihi
637 857 708 900 rure
729 838 839 900 vemt?
1018 848 1052 897 20

153 920 198 985 Et
218 941 296 1003 quas
311 919 492 1002 Euphrates
508 923 540 983 et
554 941 630 1003 quas
653 919 732 984 mihi
753 919 842 982 misit
857 919 1009 1002 Orontea,

195 1003 248 1067 Me
271 1004 401 1066 iuerint:
424 1003 524 1067 nolim
546 1003 631 1066 furta
653 1002 864 1085 pudieat0r13

152 1086 296 1151 Libertas
319 1087 471 1168 quoniam
491 1087 573 1149 nulli
593 1087 657 1148 iam
678 1088 779 1149 restat
800 1086 932 1150 amanti:

196 1170 324 1257 [Nullus
347 1169 427 1234 liber
450 1170 525 1251 erit,
547 1170 645 1252 siquis
668 1190 774 1233 amare
796 1166 902 1254 volet].

499 1298 640 1307 ——-

417 1380 538 1453 xvnr
566 1380 742 1472 [nunni

153 1502 220 1565 ‘Tu
242 1503 395 1586 loqueris,
419 1523 490 1566 eum
512 1503 555 1566 sis
577 1503 642 1565 iam
663 1506 741 1566 noto
762 1502 870 1566 fabula
890 1502 971 1566 libro

194 1585 239 1650 Et
259 1590 315 1650 tua
336 1588 379 1650 sit
399 1589 468 1650 toto
492 1585 630 1668 Cynthia
652 1587 733 1650 lecta
754 1586 840 1650 foro:

153 1669 213 1734 Cui
234 1692 300 1733 non
322 1670 371 1733 his
394 1669 498 1733 verbis
521 1672 669 1753 aspergat
687 1673 832 1752 tempora
853 1669 969 1733 sudor?

194 1752 282 1818 Haut
303 1753 405 1836 pudor
419 1753 581 1836 ingenuis,
605 1753 685 1818 haut
697 1753 875 1817 reticendus
895 1757 1004 1815 amor.'

153 1836 244 1910 Quod
268 1837 295 1900 si
316 1841 382 1900 tam
403 1836 507 1900 facilis
530 1836 665 1918 spiraret
686 1835 824 1919 Cynthia
844 1835 953 1917 nobis,
1031 1846 1048 1895 a

194 1918 270 1982 Non
293 1941 351 2004 ego
374 1920 534 2002 nequitiae
556 1919 675 1983 dicerer
697 1941 766 1983 esse
788 1922 896 2003 eaput,

153 2000 221 2066 Neo
244 2002 288 2066 sio
310 2025 368 2086 per
388 2006 489 2066 totam
511 2002 641 2066 infamis
662 2002 843 2066 traducerer
863 2002 988 2084 urbem,

194 2085 310 2149 Vrerer
332 2090 364 2150 et
385 2087 545 2169 quamvis,
567 2086 698 2149 nomine
719 2085 815 2149 verba
836 2085 951 2148 darem.

153 2168 255 2243 Quare
276 2191 317 2233 ne
330 2170 399 2264 2tibi
421 2170 464 2233 sit
484 2170 599 2234 mirum
620 2190 671 2233 me
694 2190 841 2252 quaerere
863 2168 955 2232 viles:

193 2252 323 2317 Parcius
344 2253 515 2318 infamant:
538 2275 615 2317 num
636 2253 696 2316 tibi
718 2273 812 2317 eausa
833 2252 935 2315 levis?
1016 2265 1048 2313 10

151 2335 196 2399 nt
218 2337 312 2420 quo
334 2337 467 2420 pavonis
490 2337 606 2401 caudae
627 2336 753 2400 flabella
774 2335 926 2418 superbae

192 2418 237 2482 Et
257 2421 403 2484 manibus
426 2420 504 2484 dura
524 2420 626 2505 frigus
648 2420 763 2483 habere
785 2420 851 2502 pila

151 2501 196 2565 Et
218 2504 305 2585 eupit
326 2505 442 2567 iratum
463 2505 545 2567 talos
567 2525 617 2568 me
639 2524 769 2586 poscere
791 2503 942 2585 eburnos,

194 2585 342 2668 Quaeque
363 2587 469 2650 nitent
490 2587 586 2652 Saeua
606 2587 681 2650 vilia
703 2587 787 2650 dona
808 2585 878 2650 Via.

151 2669 182 2732 A
193 2690 333 2752 peream,
352 2670 379 2733 si
395 2670 520 2734 meista
533 2669 852 2752 moventdispendia:
875 2669 930 2744 sed
940 2690 991 2733 me
1014 2680 1045 2731 16

193 2751 310 2816 Fallaoi
335 2753 480 2818 dominae
514 2775 565 2817 am
586 2754 684 2836 pudet
705 2774 774 2818 esse
795 2754 910 2818 iocum.

491 2881 640 2890 .—.-.—

495 2966 641 3040 XVIHI.

150 3084 222 3149 Hoe
244 3089 311 3150 erat
332 3087 367 3150 in
388 3087 499 3170 primis
515 3088 600 3172 quod
615 3087 817 3235 mepaudere
838 3086 990 3150 iubebas?

193 3169 271 3233 Tam
293 3174 325 3234 te
347 3170 519 3235 formosam
540 3192 606 3234 non
627 3193 671 3254 pu
693 3176 725 3234 et
746 3191 815 3234 esse
836 3169 959 3233 levem?
978 3214 981 3220 -

150 3250 224 3316 Vna
238 3257 293 3317 aut
307 3255 407 3317 altera
421 3275 484 3318 nox
498 3255 672 3318 nondumst
686 3256 721 3317 in
736 3273 842 3317 amore
857 3257 1000 3335 peraeta,

105 3402 109 3409 ,
192 3336 236 3400 nt
258 3337 345 3401 dieor
366 3337 450 3401 lecto
472 3338 535 3402 iam
557 3338 662 3421 gravis
685 3356 753 3400 esse
774 3339 838 3399 tuo.
1010 3350 1053 3412 20¹

122 3419 207 3484 aMe
228 3421 323 3485 modo
346 3420 496 3485 laudabas
519 3424 551 3486 et
572 3420 713 3486 earmina
733 3424 843 3484 nostra
863 3419 1006 3505 legebas:
