2302 3922
110 212 153 277 46
485 220 678 275 recreem
998 229 1074 300 pcc,

174 378 233 443 Ille
255 381 305 445 vel
325 380 378 444 hic
401 381 517 444 classes
538 384 665 463 poterat
686 382 736 446 vel
757 383 887 465 perdere
908 406 1026 450 muros.

215 463 278 527 Hic
300 484 360 546 ego
382 463 523 543 Pelides,
546 463 598 528 hic
619 465 705 529 ferus
727 465 848 530 Hector
870 489 939 552 ego.

125 557 158 606 85
173 546 305 628 Aspice,
326 547 372 609 udi
393 547 480 610 caelo
504 547 598 610 modo
619 549 668 611 scl
688 550 782 612 modo
804 551 879 614 luna
894 553 1070 619 ministret:

217 627 268 692 sie
291 629 386 692 etiam
408 631 501 694 nobis
523 653 588 694 una
609 633 715 714 puella
736 637 888 715 parumsi.

174 711 286 774 Altera
306 735 357 776 mc
380 713 501 797 cupidis
523 717 630 779 teneat
651 715 817 798 foveatque
839 718 980 802 lacertis,

216 795 328 858 Altera
349 796 377 859 si
399 797 524 880 quando
546 819 612 861 non
634 798 712 861 sinii
733 820 800 863 esse
821 801 941 884 locum,

177 877 242 940 Aui
262 879 289 941 si
311 880 393 944 forte
414 881 496 943 irata
517 901 587 944 meo
611 882 653 944 sit
672 882 758 945 facta
778 883 940 966 ministro,

127 972 161 1022 40
216 961 262 1024 Vt·
283 963 363 1026 sciet
384 985 452 1028 esse
474 964 583 1046 aliam,
606 986 686 1047 quae
707 966 784 1028 velii
806 988 874 1030 esse
895 989 975 1032 mea.

174 1044 258 1109 Nam
279 1047 392 1110 melius
414 1047 476 1110 duo
499 1047 672 1111 defendunt
693 1049 866 1113 retinacula
887 1053 1009 1134 navim,

217 1128 328 1193 Tutius
351 1133 383 1193 et
403 1130 549 1215 geminos
571 1132 665 1194 anxia
685 1136 786 1197 mater
808 1134 873 1198 alit.

513 1260 664 1269 *-

451 1343 535 1415 rvr
562 1343 726 1438 [xrrrr

175 1461 242 1523 Aut
262 1461 289 1524 si
311 1483 344 1525 es
367 1463 458 1546 dura,
480 1485 521 1526 ne
546 1486 579 1528 a:
608 1466 657 1528 sin
680 1487 712 1529 es
734 1488 800 1530 non
822 1467 913 1551 dura,
935 1468 1051 1532 venit0.

218 1543 300 1617 Quid
321 1545 409 1607 iuvat
431 1566 463 1626 a,
485 1566 508 1607 n
543 1546 574 1608 lo
595 1567 714 1628 ponere
736 1550 831 1612 verba
852 1551 947 1613 loco?

125 1637 158 1686 45
172 1625 236 1688 Hic
257 1647 339 1689 unus
361 1627 452 1690 dolor
473 1630 522 1690 esi
543 1649 581 1690 ex
603 1630 749 1693 omnibus
772 1652 844 1694 acer
865 1634 999 1715 amanti,

217 1707 364 1789 Sperenii
386 1709 490 1772 subito
513 1710 604 1791 siqua
625 1711 732 1774 venire
753 1717 859 1795 negat.

174 1790 300 1866 Quanta
320 1792 410 1855 illum
431 1794 500 1855 doio
522 1797 650 1857 versant
671 1794 806 1875 suspiria
827 1795 909 1859 lecto
915 1844 924 1877 ,
1051 1812 1067 1859 ὁ

217 1874 297 1939 Cum
318 1875 432 1958 recipi,
456 1897 548 1957 quem
570 1897 636 1939 non
657 1878 782 1941 noverit
803 1879 873 1961 illa,
895 1882 954 1961 put
973 1881 997 1943 t.

174 1957 218 2022 Ec
238 1980 348 2024 rursus.
367 1981 499 2041 puerum
522 1961 699 2043 quaerendo
722 1962 829 2025 audita
849 1963 982 2046 fatigat,

125 2055 159 2104 50
215 2042 333 2125 Quem,
357 2064 436 2126 quae
455 2044 539 2166 2{cire
560 2045 666 2127 timei,
687 2066 836 2167 qpaerere
857 2047 949 2129 plura
970 2046 1066 2111 iubet.

578 2175 595 2214 s

448 2269 737 2434 >effici

175 2461 235 2527 Cui
256 2463 319 2527 fuir
339 2463 460 2528 indocti
481 2463 634 2547 fugienda
655 2463 734 2527 haec
757 2463 869 2526 semida
890 2463 978 2546 volgi
984 2510 994 2544 ,

98 2544 103 2555 '
216 2545 291 2628 Ipsa
311 2547 412 2630 petita
433 2548 503 2610 lacu
525 2568 610 2610 nunc
631 2546 711 2610 mihi
734 2546 833 2610 dulcis
856 2549 977 2628 squasi.

175 2628 214 2691 In
239 2651 339 2693 enuus
362 2630 528 2713 quisquam
551 2630 679 2694 alterius
702 2631 756 2694 dai
776 2650 908 2694 munera
930 2649 1035 2710 serv0,

248 2717 263 2774 ‘c
283 2715 440 2794 promissa
462 2734 536 2777 suae
557 2714 653 2778 verba
674 2714 756 2776 ferat
777 2712 945 2775 dominae?

147 2793 222 2859 6Et
243 2797 365 2877 quaerit
385 2796 503 2859 totiens
526 2804 694 2878 ‘quaenam
714 2815 800 2858 nunc
818 2796 960 2876 porticus
980 2794 1068 2857 illam

217 2877 377 2961 integit?'
400 2883 432 2942 et
453 2883 584 2962 ‘campo
607 2899 668 2961 quo
690 2879 797 2951 movet
818 2876 874 2938 illa
894 2875 1032 2959 pedes?'

175 2960 315 3038 Deinde,
337 2960 392 3024 ubi
413 2963 595 3044 pertuleris,
623 2981 701 3043 quos
724 2960 800 3023 dicit
821 2959 921 3040 fama,
943 2959 1067 3024 labores

218 3044 380 3127 Herculis,
402 3048 438 3107 ut
460 3045 577 3107 scribas
600 3044 753 3107 ‘muneris
775 3043 887 3125 ecquid
908 3042 1046 3107 habes?'

178 3129 314 3195 Cernere
335 3129 383 3192 uri
404 3128 507 3212 possis
524 3128 650 3190 voltum
673 3126 810 3190 custodis
833 3128 949 3210 amari,

129 3226 161 3278 10
218 3212 337 3298 Captus
359 3216 392 3277 et
412 3212 565 3276 inmunda
587 3232 679 3294 saepe
701 3211 799 3274 latere
822 3211 915 3275 cesa?

177 3297 279 3374 Quam
302 3319 373 3362 care
396 3296 493 3362 semel
515 3297 549 3358 in
569 3297 638 3358 toto
661 3315 725 3358 nox
746 3295 879 3358 vertitur
901 3296 998 3360 anno!
1132 3300 1137 3309 '

219 3384 249 3446 A
270 3385 414 3465 pereant,
438 3382 544 3464 siquos
566 3381 659 3443 ianua
680 3379 785 3442 clausa
806 3379 906 3442 iuvat!

44 3502 47 3507 ·
179 3466 312 3549 Uentre,
334 3467 452 3531 reiecto
475 3486 554 3549 quae
576 3463 675 3528 libera
695 3462 782 3527 vadit
804 3463 933 3544 amictu,
