2302 3922
135 235 195 300 106
513 235 707 292 1111111111
1037 233 1097 307 [vr.

197 401 291 469 Solve
313 402 400 465 metu
420 399 567 482 patriam,
611 418 669 461 uae
691 417 777 462 nunc
797 398 830 461 te
844 394 969 460 vindice
992 395 1077 462 freta

238 485 385 568 Inposuit
405 504 518 567 prorae
539 482 604 566 pub
621 482 667 546 'ca
688 485 762 545 vota
782 483 864 544 tuae.

197 568 299 645 Quam
319 568 384 632 nisi
405 567 569 649 defendes,
591 587 753 630 murorum
774 563 929 628 Romulus
952 585 1054 649 augur

239 652 290 716 lre
311 651 473 716 Palatinas
494 671 562 714 non
582 650 663 714 bene
685 649 765 715 vidit
786 669 868 713 aves.

148 750 181 800 45
195 736 248 802 En
268 737 403 800 nimium
423 735 519 800 remis
541 732 660 798 audent
679 754 793 816 prope:
815 734 908 816 turpe
929 731 1054 797 Latinis

239 820 387 904 Principe
408 823 441 883 te
462 819 576 883 fluctus
597 818 687 902 regia
707 816 778 880 vela
798 817 876 900 pati.

198 903 267 970 Neo
283 907 336 986 te,
360 903 444 987 quod
466 903 576 968 classis
598 900 742 965 centenis
762 901 898 985 remiget
919 900 987 984 alis,

241 987 386 1052 Terreat:
408 987 509 1051 invito
530 985 648 1050 labitur
667 984 725 1049 illa
745 986 841 1048 mari:

200 1071 354 1156 Quodque
369 1070 490 1136 vehunt
503 1091 616 1154 prorae
631 1068 821 1135 Centaurica
837 1089 912 1132 saxa
926 1068 1095 1153 minantes,

150 1169 184 1218 11
240 1155 345 1241 Tigna
366 1177 442 1220 cava
463 1158 496 1219 et
516 1155 620 1238 pictos
643 1154 803 1238 experiere
824 1155 936 1217 metus.

199 1239 334 1325 Frangit
354 1243 387 1304 et
408 1239 527 1304 attollit
547 1239 630 1303 vires
651 1239 686 1302 in
706 1238 808 1301 milite
830 1257 937 1322 causa,

242 1323 330 1399 Quae
350 1324 414 1388 nisi
435 1324 519 1387 iusta
540 1323 657 1406 subest,
680 1322 801 1386 excutit
822 1343 910 1385 arma
930 1320 1042 1405 pudor.

199 1407 338 1491 Tempus
349 1408 447 1490 adest,
463 1407 617 1471 conmitte
627 1409 726 1470 rates:
742 1426 802 1491 ego
817 1405 970 1489 temporis
985 1408 1097 1471 auctor

242 1490 365 1555 Ducam
386 1491 545 1576 laurigera
565 1490 648 1554 Iulia
667 1492 771 1554 rostra
790 1497 908 1553 manu?

151 1590 184 1638 15
199 1574 346 1657 Dixerat,
369 1577 402 1638 et
421 1574 588 1658 pharetrae
608 1573 733 1658 pondus
753 1573 913 1638 consumit
933 1573 968 1636 in
989 1593 1095 1639 arcus:

242 1657 393 1722 Proxima
413 1660 488 1742 post
509 1678 600 1722 arcus
622 1657 765 1722 Caesaris
786 1657 879 1721 hasta
899 1657 968 1721 fuit.

201 1741 312 1808 Vincit
332 1741 435 1806 Roma
456 1741 518 1806 fide
539 1741 674 1806 Phoebi:
702 1742 758 1805 dat
778 1741 898 1805 femina
918 1761 1054 1824 poenas:

243 1824 374 1909 Sceptra
395 1847 452 1909 per
472 1825 581 1890 Ionias
602 1825 703 1890 fracta
724 1825 883 1890 vehuntur
904 1846 1011 1909 aquas,

201 1910 247 1975 At
291 1913 358 1974 ater
379 1909 480 1974 Idalio
502 1911 635 1974 miratur
656 1908 774 1975 Caesar
795 1910 834 1975 ab
857 1912 958 1974 astro:

153 2009 187 2057 11
244 1999 253 2029 ‘
280 2017 334 2059 um
356 1995 448 2078 deus,
471 2016 512 2059 en
533 1994 636 2059 nostri
657 1994 823 2080 sanguinis
844 1994 907 2058 ista
927 1992 1029 2058 fides?
1108 2035 1111 2042 »

202 2079 407 2163 Prosequitur
429 2082 524 2144 cantu
545 2079 672 2162 Triton,
700 2099 872 2161 omnesque
892 2078 1035 2143 marinae
1084 2098 1087 2103 ·

243 2162 435 2228 Plauserunt
455 2163 539 2227 circa
560 2163 660 2226 libere
682 2163 775 2248 signa
796 2162 882 2226 deae.

201 2246 263 2311 Illa
283 2247 365 2331 petit
385 2247 497 2313 Nilum
519 2248 632 2331 cymba
652 2248 735 2311 111111
755 2247 831 2310 nixa
852 2246 969 2332 fugaci,

244 2331 316 2395 Hoc
336 2353 444 2414 unum,
467 2332 553 2396 iusso
574 2352 642 2395 non
656 2331 810 2395 moritura
831 2330 891 2395 die.

153 2429 185 2478 oo
201 2414 243 2480 Di
265 2415 392 2481 meliust
421 2418 558 2499 quantus
585 2415 698 2480 mulier
718 2416 803 2479 foret
823 2435 887 2479 una
907 2414 1096 2498 triumphus,

244 2499 367 2564 Ductus
389 2502 457 2564 erat
477 2521 534 2584 per
556 2521 634 2582 quas
656 2502 729 2564 ante
750 2498 905 2584 Iugurtha
925 2499 1002 2562 vias.

203 2585 317 2650 Actius
338 2583 415 2650 hinc
435 2584 534 2649 traxit
554 2583 702 2649 Phoebus
730 2584 943 2681 monimenta,
971 2581 1056 2665 quod

745 2689 812 2732 erus

243 2751 317 2816 Vna
339 2751 449 2818 decem
469 2752 547 2818 vicit
567 2752 665 2817 missa
687 2751 804 2848 sagitta
824 2752 918 2814 rates.

202 2835 294 2900 Bella
315 2835 392 2899 satis
415 2836 531 2900 cecini:
554 2835 707 2900 citharam
728 2856 792 2898 ram
812 2832 917 2916 poscit
935 2831 1055 2914 Apollo

154 2935 187 2985 11
242 2918 356 2984 Victor
378 2919 471 2983 etad
492 2919 634 3001 placidos
656 2918 742 2983 exuit
762 2936 851 2980 arma
873 2915 996 2980 choros.

203 3002 348 3069 Candida
368 3023 454 3067 nunc
475 3004 565 3067 molli
587 3003 722 3067 subeant
743 3000 889 3066 convivia
909 3000 981 3065 luco

243 3087 424 3153 Blanditiae
446 3108 499 3170 uc3
520 3086 622 3150 fluant
665 3107 698 3150 11
718 3105 789 3149 mea
810 3085 892 3150 colla
912 3106 1013 3169 rosae,

202 3172 350 3257 Vinaque
371 3108 544 3237 fundantur
564 3109 690 3268 praelis·
704 3170 782 3235 elisa
803 3169 957 3267 Falernis,

245 3255 368 3341 'Perque
389 3257 475 3322 lavet
494 3258 621 3320 nostras
643 3275 658 3318 s
682 3275 731 3319 111
753 3253 869 3321 Oihssa
891 3274 1007 3320 comas.

153 3341 240 3405 11111
265 3342 371 3407 eninm
392 3341 477 3426 potis
499 3340 609 3404 inritet
664 3360 722 3404 usa
742 3339 861 3424 poetis:

274 3426 380 3508 accho,
402 3427 486 3490 soles
500 3423 631 3489 Phoebo
652 3425 768 3489 fertilis
791 3444 858 3489 esse
879 3426 945 3489 tuo.

202 3508 262 3574 Ille
282 3510 452 3594 paludosos
475 3512 629 3574 memoret
650 3510 766 3576 servire
788 3507 992 3593 Sycambros,

17 3700 145 3875 o
