2302 3922
333 178 527 242 cainiti
546 180 681 242 CARI.
700 190 745 244 26·
758 190 802 246 ἥ.
818 189 861 246 27.
1031 183 1070 247 1⁵

155 349 219 408 Aut
237 349 368 428 posthac
389 347 570 410 alliserunt
590 350 623 408 in
645 348 748 427 annis,

154 429 284 492 Mallem
306 430 427 493 divitias
445 431 551 492 Midae
573 431 713 493 dedisses
780 491 785 507 ,

118 527 135 577 5
156 515 229 593 lati,
252 516 326 594 quoi
343 534 446 595 neque
464 534 570 576 servus
592 522 641 576 est
660 533 763 596 neque
784 534 871 596 arca,

154 600 251 675 Quam
273 600 318 659 sic
339 606 372 660 te
394 601 513 660 sineres
532 602 569 659 ah
590 598 646 658 illo
668 600 772 663 amari.

155 683 256 759 ‘Qui‘l
275 702 338 742 non
359 691 408 744 est
428 685 519 743 homo
542 682 685 744 hellusi’
705 685 837 763 inquies.
860 693 924 745 est:

152 765 217 827 Sed
237 765 321 827 hello
343 769 415 827 huic
436 786 539 847 neque
562 786 668 829 servus
691 775 739 828 est
759 786 861 847 neque
884 789 963 830 arcs.

151 850 222 910 lloc
242 856 278 910 tu
297 871 386 930 quam
406 849 495 911 luhet
515 852 615 911 ahiice
636 849 799 930 elevaque:

99 945 135 998 10
154 934 220 994 Nec
242 952 362 995 servum
378 943 481 995 tamen
499 934 556 994 ille
576 936 792 1015 habeturque
811 955 921 999 arcam.

516 1128 627 1194 XXV.

153 1215 298 1310 cinaede
320 1246 449 1326 Thalle,
470 1247 594 1310 mollior
616 1246 751 1309 cuniculi
772 1246 885 1329 capillo

153 1332 214 1403 Vel
236 1334 354 1394 anseris
370 1331 537 1393 medullula
557 1331 608 1392 vel
628 1331 722 1393 imula
742 1331 882 1393 auricilla

152 1416 214 1478 Vel
234 1436 316 1498 pene
337 1415 483 1494 languido
504 1417 587 1477 senis
609 1417 732 1496 situque
752 1435 918 1496 araneoso,

150 1500 299 1581 Idemque
319 1500 433 1562 Thalle
453 1498 577 1561 turbida
597 1502 739 1581 rapacior
759 1500 918 1582 procella,

109 1581 228 1646 5*Gum
251 1585 320 1645 (lira
340 1587 531 1645 munerarios
552 1584 689 1645 ostendit
709 1587 891 1663 oscitantes,

150 1669 288 1729 Remitte
307 1668 433 1750 pallium
454 1670 529 1729 mihi
548 1687 666 1746 meum,
687 1668 771 1749 quod
790 1667 951 1746 involasti,

152 1751 377 1833 Sudariumque
399 1754 563 1814 Saetabum
585 1753 848 1835 catagraphosque
869 1752 1014 1833 Thynos,

150 1838 277 1918 Inepte,
300 1856 378 1917 quae
398 1836 499 1918 pelam
520 1835 604 1898 soles
625 1838 742 1899 hahere
763 1845 908 1917 tanquam
929 1839 1017 1898 avita

151 1922 237 1998 Quae
257 1941 338 1982 nuno
358 1923 419 1982 tuis
441 1924 478 1982 ah
499 1923 650 2000 unguibus
668 1920 824 2002 reglutina
845 1929 878 1982 et
897 1923 1038 2002 remitte,

93 2016 128 2067 10
148 2004 196 2065 Ne
216 2005 339 2066 laneum
359 2004 543 2066 latusculum
561 2025 729 2086 manusque
749 2003 934 2067 mollicellas

151 2090 255 2150 lnusta
269 2092 412 2170 'turpiter
432 2091 491 2150 tihi
510 2088 635 2169 flagella
656 2088 906 2167 conserihillent,

151 2174 194 2233 Et
214 2172 388 2235 insolenter
410 2180 532 2234 aestues
552 2171 638 2233 velut
658 2175 773 2233 minuta
795 2191 903 2252 magno

150 2257 312 2338 Deprensa
332 2259 418 2319 navis
437 2259 471 2317 in
489 2259 567 2319 mari
588 2259 766 2317 vesaniente
786 2263 888 2317 vento.

502 2439 631 2504 XXVI.
769 2476 773 2486 ·

153 2523 252 2634 Furi,
270 2559 378 2624 villula
398 2567 504 2622 nostra
524 2581 587 2621 non
608 2560 648 2621 ad
667 2562 775 2623 Austri

151 2644 259 2707 Fletus
281 2648 421 2727 opposita
444 2653 493 2706 est
511 2663 612 2724 neque
634 2644 673 2705 ad
690 2646 806 2706 Favoni

151 2730 217 2790 Neo
240 2732 322 2790 saevi
343 2732 462 2791 Boreae
481 2737 532 2790 aut
550 2729 730 2810 Apeliotae,

152 2815 269 2876 Verum
288 2813 327 2874 ad
347 2814 435 2875 milia·
452 2813 626 2892 quindecim
649 2823 682 2875 et
703 2813 860 2875 ducentos.

114 2906 131 2958 5
153 2897 180 2957 0
202 2908 325 2977 ventum
345 2897 529 2960 horribilem
551 2906 642 2979 atque
661 2897 874 2980 pestilentem!

495 3080 641 3146 XXVII.

150 3163 302 3283 Minister
321 3201 418 3262 vetuli
438 3221 517 3282 puer
538 3202 664 3263 Falerni

152 3286 245 3364 Inger
265 3289 307 3360 mi
329 3285 442 3346 calices
464 3288 648 3366 amariores,

150 3369 196 3430 Ut
214 3368 268 3432 lex
287 3371 463 3431 Postumiae
483 3371 571 3430 iubet
591 3372 754 3450 magistrae

150 3452 284 3517 Ebriosa
305 3455 392 3528 acina
410 3455 599 3515 ebriosioria.
