2302 3922
318 440 531 537 ALBII
578 438 887 536 TIBVLLI

423 609 543 668 LIBER
571 609 790 670 SECVNDVS.

588 810 617 883 Ι.

188 909 348 1010 Quisquis
370 925 468 1007 adest,
489 925 608 987 faveat:
624 922 732 1007 fruges
748 924 919 987 lustramus
935 927 967 988 et
981 946 1095 1011 agros,

231 1009 323 1073 Ritus
345 1016 380 1074 ut
402 1031 421 1072 a
441 1009 547 1091 prisco
568 1007 703 1070 traditus
726 1010 812 1071 extat
833 1029 902 1072 avc.

129 1162 132 1167 ,
188 1091 328 1171 Bacche,
352 1094 439 1173 veni,
463 1092 625 1174 dulcisque
647 1092 710 1154 tuis
732 1112 749 1155 e
772 1092 920 1155 cornibus
942 1114 1005 1157 uva

232 1177 389 1259 Pendeat,
413 1180 445 1240 et
467 1176 562 1259 spicis
583 1178 728 1257 tempora
750 1175 859 1260 cinge,
882 1174 987 1241 Ocres.

156 1259 273 1324 5Luce
296 1281 386 1323 sacra
406 1261 583 1342 requiescat
604 1260 734 1342 humus,
766 1261 944 1342 requiescat
965 1262 1092 1345 mator,

230 1343 274 1406 Et
295 1365 391 1427 grave
414 1363 568 1425 suspenso
590 1363 716 1406 vomere
740 1346 842 1407 cesset
863 1364 952 1426 opus.

191 1425 311 1490 Solvite
333 1427 439 1490 vincla
460 1427 558 1510 iugis:
581 1447 666 1490 nunc
689 1427 729 1491 ad
749 1428 915 1510 praesepia
936 1427 1054 1493 debent

231 1510 331 1573 Plena
353 1513 504 1573 coronato
528 1513 610 1572 stare
632 1510 729 1574 boves
752 1511 862 1594 capite.

189 1593 305 1657 Omnia
327 1594 392 1656 sint
413 1596 544 1677 operata
565 1593 638 1657 deo:
661 1615 727 1657 non
749 1595 862 1659 audeat
882 1596 948 1659 ulla

141 1691 173 1739 10
229 1676 403 1741 Lanificam
423 1678 532 1761 pensis
554 1678 732 1760 inposuisse
754 1700 892 1743 manum.

188 1760 256 1824 Vos
271 1781 396 1843 quoque
412 1761 522 1825 abesse
537 1762 648 1844 procul
662 1762 771 1845 iubeo,
795 1763 935 1827 discedat
951 1763 991 1827 ab
1007 1764 1070 1829 aris
1076 1814 1090 1849 ,

232 1844 292 1910 Cui
312 1845 389 1909 tulit
409 1845 559 1910 hesterna
579 1846 696 1931 gaudia
716 1851 810 1911 nocte
832 1847 949 1913 Venus.

190 1928 286 1994 Casta
307 1929 437 2012 placent
458 1930 595 2014 superis:
617 1953 697 2013 pura
719 1953 790 1995 cum
811 1934 898 1995 veste
920 1932 1025 1996 venite

230 2013 275 2078 Et
295 2016 441 2079 manibus
463 2015 551 2098 puris
574 2017 688 2080 sumite
709 2016 809 2080 fontis
832 2037 954 2098 aquam.

141 2110 173 2159 15
190 2095 333 2181 Cernite,
355 2099 515 2185 fulgentes
537 2102 573 2163 ut
594 2104 646 2164 eat
667 2122 755 2164 sacer
777 2121 879 2184 agnus
901 2100 940 2163 ad
963 2120 1033 2163 aras

231 2182 408 2268 Vinctaque
429 2187 504 2267 post
525 2185 595 2249 olea
617 2185 750 2249 candida
770 2184 864 2247 turba
885 2204 1001 2248 comas.

187 2265 230 2330 Di
252 2268 364 2350 patrii,
386 2290 561 2353 purgamus
584 2290 692 2352 agros,
714 2290 886 2351 purgamus
909 2271 1069 2352 agrestes:

230 2350 297 2415 Vos
319 2353 404 2415 mala
425 2354 463 2416 de
485 2352 602 2416 nostris
624 2353 733 2433 pellite
748 2349 924 2435 limitibus,

188 2434 260 2499 Neu
282 2456 374 2519 seges
396 2435 503 2500 eludat
524 2454 660 2499 messem
680 2432 846 2496 fallacibus
868 2430 991 2515 herbis,

140 2530 174 2580 20
231 2517 303 2582 Neu
324 2520 437 2583 timeat
458 2519 574 2582 celeres
596 2516 716 2579 tardior
738 2535 822 2599 agna
843 2514 943 2598 lupos.

189 2601 279 2664 'l'une
300 2603 420 2665 nitidus
443 2602 545 2684 plenis
568 2600 705 2663 confisus
726 2599 863 2663 rusticus
886 2599 971 2684 agris

231 2684 362 2767 Ingeret
382 2685 508 2748 ardenti
529 2682 664 2767 grandia
685 2683 774 2767 ligna
795 2684 883 2765 foco,

189 2766 357 2850 Turbaque
378 2788 560 2846 vernarum,
584 2767 682 2830 saturi
703 2767 788 2831 bona
810 2768 902 2851 signa
924 2768 1046 2852 coloni,

231 2850 334 2914 Ludet
355 2854 387 2915 et
408 2873 446 2915 ex
472 2851 570 2934 virgis
595 2853 719 2915 extnret
739 2854 813 2914 ante
835 2872 934 2916 casas.

139 2934 350 2999 adventura
369 2954 497 3018 precor:
519 2934 613 2998 viden
634 2937 671 2997 ut
691 2934 836 2999 felicibus
859 2935 939 2999 extis

232 3018 398 3104 Significat
419 3018 561 3101 placidos
583 3019 697 3082 nuntia
717 3019 797 3083 fibra
821 3019 919 3083 deos?

189 3102 284 3167 Nunc
306 3102 386 3166 mihi
406 3102 549 3166 fumosos
571 3104 686 3166 veteris
707 3103 846 3187 proferte
868 3102 1022 3169 Falernos

233 3186 381 3251 Consulis
404 3190 436 3251 et
459 3185 539 3251 Chio
562 3187 675 3250 solvite
698 3188 801 3252 vincla
823 3188 910 3252 cado.

189 3270 276 3335 Vina
298 3270 380 3335 diem
404 3270 580 3335 celebrent:
602 3291 669 3334 non
691 3272 773 3336 festa
793 3273 863 3336 luce
885 3272 1013 3337 madere

142 3367 177 3417 30
232 3353 294 3418 Est
314 3354 426 3436 rubor,
451 3357 591 3419 errantes
614 3357 646 3418 et
667 3357 748 3419 male
770 3355 851 3420 ferre
873 3355 978 3438 pedes

191 3437 254 3502 Sed
269 3438 367 3502 ‘bene
378 3437 579 3503 ltlessallanr’
594 3459 651 3502 sua
666 3441 797 3523 quisque
812 3439 853 3503 ad
866 3439 981 3523 pocula
995 3438 1090 3525 dicat,

199 3703 279 3770 »a

271 3765 324 3886 s
