2302 3922
101 188 177 259 nn]
502 188 610 243 arana
630 188 652 246 a
1042 183 1065 248 s

103 350 151 415 εΟ
173 349 249 435 fuge
270 352 302 414 te
323 352 451 414 tenerae
472 372 641 434 puerorum
664 352 789 417 credere
810 350 935 417 turbae:

93 432 98 441 ⁴
145 432 232 498 Nam
254 454 382 497 causam
403 435 479 497 iusti
501 456 625 517 semper
647 436 764 500 amoris
785 436 914 501 habent.
1029 447 1064 497 1⁰

101 517 166 582 Hic
176 518 291 613 placet,
310 518 454 600 angustis
471 517 554 600 quod
566 539 680 601 equum
691 521 855 603 conpescit
864 519 1011 583 habenis:

144 600 208 665 H1c
229 601 386 684 placidam
407 602 500 664 niveo
522 605 649 684 pectore
670 604 762 686 pellit
782 626 910 687 aquam:

102 684 181 833 Hiq,
206 684 281 767 quia
300 684 394 747 fortis
416 685 506 748 adest
527 685 673 768 audacia,
697 688 795 770 cepit:
817 688 920 752 atilli

102 769 898 938 aaadatsurpraedamnes·
1031 866 1064 917 a

146 934 280 999 Taedia:
302 935 456 1019 paulatim
478 936 537 999 sub
558 936 634 1020 iuga
655 937 738 1000 colla
759 938 857 1002 dabit.

102 1018 218 1103 Longa
239 1019 305 1082 dies
327 1018 450 1081 homini
472 1019 580 1083 docuit
600 1042 710 1102 parere
732 1021 854 1105 leones,

144 1101 258 1187 Longa
279 1102 345 1165 dies
368 1103 458 1165 molli
480 1124 555 1165 saxa
576 1104 699 1186 peredit
720 1125 815 1187 aqua:

102 1187 218 1250 Annus
239 1187 274 1249 in
296 1186 410 1268 apricis
433 1189 570 1249 maturat
591 1188 725 1251 collibus
746 1210 838 1271 uvas,

144 1270 258 1335 Annus
280 1270 349 1353 agit
370 1274 455 1333 certa
476 1270 579 1333 lucida
601 1271 693 1355 signa
714 1272 791 1335 vice.
1031 1285 1066 1334 20

103 1353 175 1418 Neo
196 1354 300 1417 iurare
322 1354 414 1417 time:
436 1353 570 1417 Veneris
591 1356 728 1438 periuria
749 1358 835 1420 venti

146 1436 248 1501 Inrita
268 1459 326 1520 per
346 1440 445 1501 te1ras
471 1442 503 1501 ct
523 1438 604 1500 freta
627 1440 724 1523 longa
744 1439 859 1503 ferunt.

104 1520 217 1585 Gratia
237 1543 355 1605 magna
377 1521 460 1584 Iovi:
483 1523 583 1584 vetuit
603 1526 693 1604 pater
713 1523 781 1605 ipse
803 1525 922 1607 valere,

147 1604 287 1669 Iurasset
309 1605 421 1687 cupide
444 1605 595 1687 quidquid
616 1607 742 1688 ineptus
765 1629 867 1671 amor:

103 1688 227 1771 Perque
248 1710 321 1752 suas
343 1690 462 1771 inpune
485 1689 561 1751 sinit
581 1687 743 1771 Dictynna
765 1692 897 1775 sagittas
1031 1702 1065 1752 25

146 1772 320 1855 Adfirmes,
342 1774 446 1836 crines
467 1794 585 1855 perque
607 1772 749 1837 Minerva
771 1796 853 1838 suos.

105 1856 151 1919 At
173 1857 201 1919 si
222 1857 330 1920 tardus
352 1857 428 1938 eris,
452 1857 585 1919 errabis:
611 1858 744 1920 transiet
765 1862 861 1923 actas,

149 1938 251 2015 Quam
274 1940 336 2003 cito
359 1961 425 2002 non
447 1941 554 2022 segnis
577 1944 640 2002 stat
660 1944 840 2025 remeatque
862 1941 943 2006 dies!

105 2022 208 2099 Quam
231 2024 293 2087 cito
315 2044 491 2106 purpureos
514 2024 658 2106 deperdit
679 2028 763 2088 terra
785 2026 923 2107 colores,

148 2106 249 2182 Quam
270 2107 333 2170 cito
355 2107 512 2169 formosas
534 2108 669 2190 populus
693 2108 766 2171 alba
788 2111 909 2172 comas!
1031 2122 1065 2169 30

106 2190 208 2267 Quam
229 2191 324 2273 iacet,
346 2191 489 2254 infirmae
511 2210 624 2252 venere
646 2190 700 2253 ubi
722 2191 790 2254 fata
811 2194 971 2275 senectae,

149 2273 211 2350 Qui
231 2274 319 2357 prior
339 2274 451 2338 Eleost
473 2294 596 2337 carcere
617 2274 731 2337 missus
755 2277 865 2356 equus!

104 2356 181 2422 Vidi
202 2358 266 2421 iam
288 2358 447 2440 iuvenem,
469 2361 626 2442 premeret
648 2380 718 2421 cum
742 2359 841 2421 serior
862 2361 965 2441 aetas,

148 2440 343 2505 Maerentem
366 2442 479 2505 stultos
501 2442 700 2524 praeteriisse
723 2442 799 2506 dies.

106 2524 258 2590 Crudeles
279 2525 358 2590 divit
381 2547 510 2609 serpens
532 2546 632 2589 novus
655 2526 741 2589 exuit
761 2548 878 2590 annos:
1032 2538 1065 2587 35

147 2607 281 2674 Formae
303 2631 369 2672 non
390 2611 487 2672 ullam
509 2610 575 2672 fata
597 2609 709 2673 dedere
731 2632 861 2673 moram.

106 2690 191 2757 Solis
212 2696 372 2757 aeternast
393 2693 522 2757 Phoebo
544 2692 732 2776 Bacchoque
754 2694 898 2757 iuventa:

148 2776 232 2841 Nam
255 2777 345 2840 decet
366 2778 511 2840 intonsus
534 2777 629 2840 crinis
652 2781 819 2860 utrumque
842 2777 943 2840 deum.

105 2860 169 2940 Tu,
191 2882 288 2944 puero
311 2862 530 2943 quodcumque
551 2864 605 2923 tuo
628 2864 783 2944 temptare
806 2860 931 2943 libebit,

150 2944 266 3009 Cedas:
289 2944 440 3027 obsequio
463 2944 598 3027 plurima
619 2945 719 3008 vincit
740 2966 836 3008 amor.
1031 2956 1067 3005 40

104 3028 179 3094 Neu
200 3049 306 3093 eomes
327 3029 373 3092 ire
394 3050 507 3112 neges,
530 3028 672 3110 quamvis
695 3029 746 3091 via
767 3030 864 3112 longa
885 3029 1012 3110 paretur

122 3110 192 3177 -ut
215 3111 312 3177 Oanis
335 3113 437 3175 arenti
457 3115 578 3175 torreat
599 3134 673 3175 arva
696 3113 763 3195 siti,

106 3195 258 3271 Quamvis
280 3199 467 3280 praetexens
489 3197 580 3279 picea
600 3196 761 3304 ferrugine
785 3196 905 3259 caelum

147 3279 323 3344 Venturam
345 3280 491 3343 admittat
511 3279 661 3343 nimbifer
680 3279 785 3341 Eurus
807 3299 826 3340 a
847 3300 931 3341 uam.

104 3360 168 3428 Vel
189 3365 216 3427 si
239 3364 397 3433 caeruleas
419 3364 518 3446 puppi
540 3363 626 3426 volet
646 3363 692 3425 ire
713 3384 770 3444 per
790 3299 907 3443 urbas,
1033 3372 1067 3421 45

147 3446 222 3531 Ipse
243 3449 346 3514 levem
366 3468 453 3511 remo
475 3469 532 3530 per
552 3447 636 3510 freta
656 3445 739 3529 pelle
760 3448 870 3521 ratem.
