2302 3922
92 212 115 274 4
504 217 648 274 rmvnm
1005 222 1054 293 [n.

154 378 217 444 Illa
237 380 306 444 viro
328 401 435 445 eoram
454 382 551 443 nutus
574 380 717 445 conferre
739 382 886 465 loquaces

197 463 384 546 Blandaque
406 463 580 546 conpositis
603 464 717 529 abdere
738 466 835 529 verba
855 466 950 530 notis.

154 544 224 611 Nec
239 547 333 611 docet
351 546 413 611 hoo
428 567 553 630 omnes,
575 547 629 611 sed
650 569 728 631 quos
743 570 802 612 nec
817 549 933 613 inertia
947 550 1053 615 tardat

196 629 265 696 Nec
286 633 375 694 vetat
396 631 531 695 obscura
552 653 681 716 surgere
703 634 797 696 nocte
818 632 923 698 timor.

37 778 44 793 ,
153 712 205 777 En
227 735 287 798 ego
310 735 382 778 curn
402 714 542 779 tenebris
564 718 633 778 tota
654 714 754 800 vagor
775 716 887 781 anxius
909 717 1002 799 urbe,

104 893 137 941 aa
151 879 220 945 Nee
243 881 319 945 sinit
341 886 487 947 occurrat
507 884 689 966 quisquam,
712 885 766 967 qui
789 905 922 968 corpora
941 886 1026 950 ferro

194 963 350 1030 Vulneret
370 969 425 1031 aut
445 970 537 1050 rapta
556 968 696 1050 praemia
716 970 804 1032 veste
824 972 880 1052 pet
900 971 924 1032 t.

153 1048 302 1132 Quisquis
324 1072 430 1115 amore
452 1054 592 1134 tenetur,
614 1055 667 1115 eat
688 1054 836 1135 tutusque
858 1073 1009 1136 sacerque

195 1133 359 1209 Qualibett
381 1135 515 1199 insidias
536 1156 603 1199 non
624 1136 767 1200 timuisse
790 1136 888 1201 decet.

151 1215 228 1283 Non
249 1218 329 1281 mihi
349 1219 441 1303 pigra
462 1222 579 1282 nocent
599 1218 752 1284 hibernae
772 1220 895 1305 frigora
915 1222 1035 1303 noctis,

104 1314 138 1362 30
194 1301 270 1366 Non
291 1301 385 1384 mihi,
409 1324 479 1366 cum
501 1303 601 1366 multa
622 1303 740 1369 decidit
760 1305 861 1368 imber
882 1324 972 1388 aqua.

153 1384 230 1450 Non
251 1384 342 1447 labor
362 1384 416 1448 hic
437 1385 548 1468 laedit,
571 1389 690 1450 reseret
710 1387 805 1451 modo
827 1386 920 1451 Delia
941 1391 1050 1472 postes

195 1467 239 1531 Et
259 1470 353 1531 vocet
374 1468 414 1531 ad
437 1468 529 1553 digiti
552 1491 601 1533 me
622 1471 782 1534 taciturna
803 1492 926 1535 sonum.

152 1550 277 1615 Parcite
299 1551 486 1633 luminibus,
510 1574 566 1615 seu
587 1553 636 1616 vir
657 1575 712 1617 seu
732 1554 853 1617 femina
873 1555 930 1618 fiat

196 1633 315 1700 Obvia:
339 1635 434 1700 celari
455 1636 524 1699 volt
545 1658 601 1698 sua
621 1635 707 1700 furta
728 1635 846 1701 Venus.

104 1731 137 1780 aa
152 1717 225 1783 Neu
240 1717 373 1801 strepitu
393 1721 508 1782 terrete
521 1719 651 1801 pedum,
673 1742 737 1784 neu
757 1722 897 1804 quaerite
916 1742 1048 1803 nomen,

196 1801 268 1866 Neu
289 1823 389 1884 prope
410 1802 547 1887 fulgenti
569 1802 690 1867 lumina
710 1804 791 1868 ferte
812 1804 892 1868 face.

152 1884 257 2036 Siqpr's
280 1889 312 1948 et
332 1886 505 1970 inprudens
527 1888 698 1970 aspexerit,
711 1888 846 1984 ‘occulat
867 1889 922 1953 ille

150 1970 551 2138 1111111111
566 1977 1047 2142 1111111111,

102 2150 136 2197 40
191 2138 224 2200 Is
246 2137 403 2203 Venerem
426 2161 442 2202 e
463 2140 574 2203 rabido
597 2141 713 2205 sentiet
735 2162 803 2205 esse
825 2141 914 2205 mari.

150 2219 220 2287 Nec
230 2225 339 2288 tamen
355 2223 429 2288 huic
440 2224 546 2289 credet
557 2225 696 2289 coniunx
710 2229 798 2307 tuus,
813 2228 850 2288 ut
863 2224 942 2288 mihi
953 2245 1048 2288 verax

193 2304 374 2371 Pollicitast
393 2309 517 2392 magico
540 2330 617 2393 saga
637 2309 825 2372 ministerio.

151 2387 245 2453 Hanc
268 2412 327 2474 ego
349 2391 387 2454 de
410 2391 497 2455 caelo
520 2390 687 2455 ducentem
708 2392 811 2454 sidera
832 2390 910 2470 vidi,

194 2471 350 2536 Fluminis
372 2473 450 2537 haec
471 2474 574 2556 rapidi
596 2475 735 2537 carmine
756 2472 852 2536 vertit
872 2472 947 2553 iter,

103 2570 136 2615 45
150 2554 239 2619 Haec
262 2560 357 2620 cantu
378 2556 532 2639 finditque
554 2557 657 2620 solum
678 2555 852 2638 Manesque
873 2554 1025 2638 sepulcris

192 2638 290 2703 Elicit
311 2642 344 2702 et
364 2639 472 2721 tepido
494 2639 627 2703 devocat
648 2661 721 2704 ossa
741 2659 839 2724 rogo:

150 2722 221 2788 Iam
241 2726 330 2786 tenet
350 2722 491 2786 infernas
513 2724 638 2807 magico
661 2723 796 2786 stridore
819 2726 974 2805 catervas,

191 2806 260 2869 Iam
281 2807 370 2870 iubet
390 2806 555 2889 adspersas
576 2807 658 2871 lacte
678 2808 796 2871 referre
817 2807 940 2890 pedem.

151 2889 232 2955 (lum
252 2890 345 2972 libet,
367 2889 446 2953 haec
466 2891 551 2955 tristi
573 2891 704 2974 depellit
727 2891 838 2956 nubila
859 2890 961 2956 caelo:

101 2986 135 3034 so
192 2972 273 3037 (lum
295 2973 388 3056 libet,
411 2975 531 3039 aestivo
554 2979 708 3040 convocat
729 2975 806 3041 orbe
826 2975 926 3040 nives.

151 3055 226 3120 Sola
246 3059 354 3119 tenere
375 3059 474 3120 malas
496 3059 625 3123 Medeae
648 3059 764 3124 dieitur
784 3059 914 3143 herbas,

193 3138 269 3203 Sola
289 3140 374 3204 feros
389 3139 529 3206 Hecatae
550 3143 767 3226 perdomuisse
789 3165 893 3209 canes.

151 3221 241 3290 Haec
262 3222 342 3287 mihi
364 3226 533 3308 conposuit
554 3231 680 3311 cantus,
704 3229 773 3312 quis
787 3228 899 3294 fallere
919 3249 1045 3313 posses:

193 3306 254 3372 Ter
276 3329 370 3393 cane,
392 3312 441 3372 ter
463 3310 556 3375 dictis
578 3311 695 3395 despue
717 3314 925 3378 carminibus.¹

102 3392 208 3457 111111
229 3392 311 3456 nihil
331 3394 451 3477 poterit
471 3393 510 3458 de
531 3395 624 3459 nobis
647 3396 772 3461 credere
794 3398 956 3480 cuiquam,

192 3477 268 3544 Non
290 3477 366 3561 sibi,
389 3478 472 3542 siin
493 3479 583 3543 molli
604 3479 718 3544 viderit
739 3481 806 3564 ipse
827 3485 908 3546 toro.

20 3656 111 3721 ,q

21 3784 32 3791 .,
98 3724 121 3778 Γ
