2302 3922
91 213 114 278 4

367 198 559 272 Gh'lllhhl
579 207 710 270 cellit.
732 217 759 272 3.
774 199 808 272 4.'

581 379 599 422 ss

491 471 509 508 ’t‘
675 469 692 509 *

195 574 273 634 'l'am
295 578 414 651 gratum
435 577 484 631 eat
501 571 577 630 mihi
596 590 686 650 quam
706 571 812 631 ferunt
831 570 953 654 puellae

193 658 319 718 Pernici
339 654 497 725 aureolum
516 655 613 716 luisse
634 652 764 734 malum,

194 740 286 818 Quod
304 758 411 807 zonam
430 738 525 802 soluit
542 737 599 808 ‚diu
617 738 751 816 ligatam.

452 935 615 1000 ,HL

197 1021 337 1135 lingete,
359 1076 378 1116 o
399 1056 540 1119 Veneres
562 1053 811 1137 Cupidinesque,

194 1143 236 1203 nt
259 1147 403 1219 quantum
425 1146 474 1199 eat
493 1141 650 1200 hominum
670 1141 889 1201 venustiorum.

193 1226 306 1286 Passer
324 1230 461 1284 mortuus
485 1231 533 1284 est
553 1243 640 1285 meae
661 1222 798 1305 puellae,

193 1310 321 1386 Passer,
345 1306 475 1367 deliciae
491 1326 578 1368 meae
600 1305 742 1389 puellae,

158 1405 174 1455 5
196 1381 384 1472 Quem'plus
403 1389 460 1450 illa
481 1389 579 1465 oeulis
601 1393 663 1452 suis
686 1392 819 1451 amabat:

193 1477 269 1536 Nam
289 1473 427 1534 mellitus
448 1479 518 1533 erat
538 1471 684 1554 suamque
705 1482 797 1535 norat

194 1557 292 1639 lpsanr'
312 1564 374 1629 tam
396 1560 493 1635 bene,
516 1577 605 1636 quam
625 1555 731 1638 puella
751 1563 880 1618 matrem

192 1642 257 1703 Neo
277 1660 346 1702 sese
367 1663 384 1701 a
405 1640 634 1722 gremio-illius¹
649 1643 806 1720 movebat,

187 1724 258 1787 ¹Sed
278 1724 499 1785 circumsiliens
518 1724 611 1785 moalo
631 1727 691 1786 lrue
713 1724 805 1786 modo
826 1725 901 1788 illuc

138 1822 173 1874 10
192 1808 242 1870 Ad
261 1809 357 1889 solam
379 1808 532 1873 dominam
552 1828 651 1888 usque
672 1809 831 1891 pipilahat.

90 1946 93 1951 .
195 1895 255 1971 Qui
272 1912 354 1953 nune
372 1893 399 1952 it
419 1901 477 1973 per
498 1895 561 1952 iter
582 1892 812 1954 tenebricosum

193 1977 285 2056 Illuc,
306 1975 389 2037 uncle
410 1982 525 2055 negant
545 1975 651 2037 redire
673 1997 854 2057 quenquam.

41 2093 43 2097 ⁷
109 2137 112 2143 ,
193 2063 236 2123 At
256 2063 347 2122 vobis
364 2059 443 2122 male
464 2063 520 2139 sit,
542 2059 641 2121 malae
661 2064 812 2123 tenebrae

195 2146 285 2224 Oroi,
306 2165 383 2225 quae
403 2145 505 2205 omnia
526 2144 608 2207 bella
629 2145 798 2207 devoratis:

105 2308 123 2314 μ’
140 2239 173 2292 15
195 2230 273 2290 Τιιιι
291 2228 408 2291 bellurn
426 2230 502 2290 mihi
522 2249 680 2310 passerem
701 2231 881 2294 abstulistis.

195 2314 355 2375 Ofactum
376 2313 472 2375 male!
494 2315 524 2373 io
547 2313 670 2375 miselle
689 2334 815 2397 passer,
940 2363 943 2368 n

195 2397 263 2458 Tua
281 2417 362 2459 nunc
384 2416 479 2478 opera
496 2416 583 2457 meae
604 2397 727 2478 puellae

194 2481 316 2542 Flendo
335 2481 490 2572 turgiduli·
502 2483 618 2541 ruhent
638 2481 741 2541 ocelli.

429 2675 611 2742 »ιιι

198 2762 352 2856 phaselus
370 2790 443 2873 ille,
465 2813 556 2874 quern
575 2793 704 2873 videtis,
725 2795 880 2877 hospites,

195 2881 249 2941 Ait
269 2879 365 2938 fuisse
384 2881 504 2953 narium
526 2878 725 2957 celerrimus,
798 2954 800 2958 μ

194 2963 303 3042 Neque
323 2960 417 3022 ullius
439 2965 573 3025 natantis
594 2965 744 3045 impetum
764 2963 861 3024 trabis

195 3047 347 3126 Nequisse
368 3049 558 3128 praeterire,
579 3049 644 3108 sire
665 3046 808 3129 palmulis

156 3142 174 3194 5
197 3132 281 3212 Opus
303 3131 387 3191 foret
406 3130 511 3191 volare
534 3132 597 3191 sive
616 3130 726 3192 linteo.

161 3251 164 3255 <
194 3216 237 3275 Et
255 3215 315 3275 hoc
336 3220 429 3293 negat
447 3215 572 3276 minacis
594 3214 746 3276 Adriatici

195 3298 316 3378 Negare
337 3298 412 3360 litus
432 3297 584 3361 insulasve
607 3299 758 3380 Cycladas

179 3381 398 3462 ,Rhodumque
420 3383 556 3445 nobilem
578 3384 798 3463 horridamque
813 3383 983 3448 'Thraciam
1041 3422 1044 3426 ⁴

194 3465 386 3549 Propontida
404 3474 561 3529 trucemve
582 3469 746 3530 Ponticum
765 3470 879 3548 sinum,
1006 3536 1014 3557 ι
1058 3484 1060 3489 “

352 3714 452 3810 n
