2302 3922
86 232 128 295 es
376 229 790 311 circumcludere.

171 400 290 479 ‘Saepe
311 398 394 458 illam
414 397 514 457 audivi
533 399 646 457 furtiva
662 417 737 458 voce
758 397 936 477 loquentem

71 548 74 555 ¹
152 503 155 507 ·
213 482 315 552 Solam
332 501 400 542 cum
421 480 541 541 ancillis
563 483 639 541 haec
660 501 713 541 sua
733 483 864 561 flagitia,

170 567 300 627 Numine
322 564 477 625 dicentem
498 584 574 642 quos
595 564 741 644 diximus,
762 573 797 626 ut
816 574 890 645 pote
913 588 990 646 quae
1012 573 1051 628 mi

212 650 326 729 Speret
346 667 404 708 nec
424 647 557 726 linguam
577 667 646 709 esse
666 666 724 708 nec
744 649 919 709 auriculam.

117 743 152 797 45
172 734 339 794 Praeterea
359 731 493 792 addebat
515 732 681 810 quendam,
705 752 793 810 quem
817 732 922 800 dicere
942 734 1013 794 nolu

209 818 357 893 Nomine,
375 834 415 875 ue
436 814 527 876 tollat
547 818 640 876 rubra
660 816 834 895 supercilia.

169 902 292 980 Longus
312 902 403 961 bomo
426 907 491 977 est,
513 919 635 977 magnas
658 901 730 978 quui
748 899 948 963 litesiutulit
969 903 1041 963 clim

208 984 330 1046 Falsum
352 983 492 1063 mendaci
516 991 624 1044 ventre
645 987 866 1063 puerperium!

499 1183 657 1248 LXVIII.
730 1172 733 1175 ¹

139 1305 142 1312 '
171 1270 265 1376 lluod
285 1303 360 1362 mihi
378 1303 502 1361 fortuna
523 1319 655 1377 casuque
677 1321 840 1382 oppressus
862 1305 973 1363 acerbu

212 1387 427 1464 conscriptum
447 1385 507 1445 hoc
527 1382 663 1443 lacrimis
683 1386 779 1444 mittis
801 1385 987 1465 epistulium,

167 1469 352 1546 Naufragum
373 1475 407 1527 ut
428 1469 559 1528 eiectum
580 1469 789 1545 spumantibus
811 1473 953 1548 aequoris
975 1471 1062 1531 undis

211 1551 376 1612 Sublevem
397 1557 466 1611 eta
487 1550 595 1610 mortis
616 1548 723 1610 limine
743 1553 913 1632 restituam,

126 1646 143 1698 5
165 1638 261 1713 Quem
282 1654 383 1713 neque
405 1641 509 1694 sancta
530 1634 634 1692 Venus
656 1633 740 1693 mulli
759 1637 957 1713 requiescere
979 1658 1083 1700 somno

209 1720 373 1779 Desertum
392 1719 426 1777 iu
447 1716 532 1777 lectu
552 1716 670 1776 caelibe
691 1721 877 1798 perpetitur,

167 1804 231 1863 Nec
255 1810 394 1863 veterum
417 1799 501 1861 dulci
521 1801 706 1880 scripturum
729 1806 863 1863 carmine
885 1805 993 1865 Musae

209 1886 389 1964 Oblectaut,
411 1905 479 1944 cum
499 1903 586 1944 mens
607 1886 694 1944 auxia
714 1884 888 1965 pervigilat,

166 1970 201 2030 ld
223 1977 341 2049 gratum
364 1976 412 2029 est
433 1970 524 2046 mibi,
547 1987 595 2027 me
618 1969 759 2047 quoniam
775 1971 832 2030 tibi
853 1971 929 2034 dlcis
948 1975 1083 2051 amicum,

114 2063 149 2116 10
212 2055 405 2132 Muneraque
427 2059 459 2112 et
478 2052 636 2113 Musarum
657 2053 729 2116 hinc
750 2055 831 2134 petis
850 2064 883 2114 et
904 2057 1051 2118 Vcnerls:

168 2138 231 2199 Sed
249 2140 366 2200 tibine
387 2156 455 2198 mea
476 2138 538 2196 sint
557 2138 663 2216 ignota
685 2138 891 2217 incommoda,
912 2140 1018 2217 Manli,

207 2224 273 2284 Neu
296 2240 345 2282 me
367 2221 470 2282 odisse
490 2227 580 2300 putes
601 2221 733 2302 lroapitls
754 2223 899 2300 cilicium,

166 2309 299 2387 Accipe,
323 2307 390 2385 quis
408 2310 532 2365 'merser
552 2305 696 2366 furtunae
717 2307 861 2368 fluctibus
881 2309 959 2386 ipse,

208 2392 255 2451 Ne
277 2388 406 2470 amplius
427 2410 445 2448 a
466 2390 580 2448 misero
601 2388 681 2448 duna
703 2391 792 2450 beata
812 2397 910 2468 petas.

108 2483 142 2535 15
165 2472 320 2553 Tempore
342 2493 402 2552 quo
420 2473 552 2552 primum
572 2475 666 2532 vestis
688 2473 763 2533 mihi
784 2471 898 2534 traditu
915 2495 991 2555 pura
1011 2483 1068 2554 est,

207 2556 374 2617 Iucundum
395 2575 463 2616 cum
483 2563 566 2615 aetas
587 2555 697 2615 florida
717 2574 772 2615 ver
793 2564 909 2636 ageret,

165 2639 267 2700 Multa
287 2641 361 2699 satis
381 2636 458 2698 lusi:
480 2646 611 2699 nonest
631 2638 689 2699 dea
710 2641 815 2699 nescia
835 2643 944 2720 nostri,

208 2724 292 2800 Quae
314 2721 435 2782 dulcem
456 2723 537 2782 curis
556 2723 666 2782 miscet
686 2724 871 2783 amaritiem:

165 2806 228 2866 Sed
248 2813 348 2866 tutum
367 2808 426 2867 buc
448 2804 581 2865 studium
601 2805 686 2866 luctu
705 2807 844 2867 fraterna
864 2809 937 2868 mibi
960 2830 1040 2870 mors

109 2896 145 2952 20
205 2888 352 2973 Abstulit.
375 2909 392 2949 u
414 2890 528 2949 misere
546 2890 644 2950 frater
666 2891 808 2970 adempte
829 2892 914 2968 mibi,

167 2975 217 3034 Tu
237 2992 304 3033 mea
324 2981 358 3034 tu
378 2975 513 3033 moriens
534 2973 657 3052 fregisti
678 2974 849 3054 commoda,
871 2975 981 3053 frater,
1020 2978 1041 2992 “’

209 3057 326 3120 Tecum
346 3077 407 3117 uua
427 3063 495 3137 tuta
513 3063 562 3117 eat
582 3066 687 3118 nostra
708 3057 829 3139 sepulta
851 3059 968 3133 dornua,

170 3142 277 3202 Omnia
298 3149 401 3202 tecum
421 3160 481 3199 una
501 3142 663 3220 perierunt
682 3143 790 3220 gaudia
810 3150 925 3218 nostra,

207 3227 293 3302 Quae
313 3232 384 3286 tuus
405 3227 438 3285 in
458 3225 519 3284 vita
538 3224 635 3287 dulcis
658 3225 758 3286 alebat
779 3246 872 3287 amor.

107 3319 141 3374 25
164 3312 257 3371 Cuius
278 3328 336 3389 ego
357 3310 486 3369 interitu
506 3314 572 3370 tota
593 3308 756 3370 demente
776 3310 877 3390 fugavi

207 3395 293 3454 llaec
313 3392 414 3453 studia
436 3400 527 3472 atque
549 3395 646 3454 omnis
668 3393 794 3454 delicias
815 3395 915 3454 animi.

166 3479 284 3558 Quare,
307 3475 389 3558 quud
409 3473 518 3538 scribis
537 3479 680 3542 Veronae
699 3485 790 3558 turpe
808 3476 930 3540 Catulle
