2302 3922
120 185 163 250 48
500 187 693 243 rnoranrn
959 186 1078 259 [xvnn.

227 353 286 418 Ille
307 355 380 417 inus
401 372 523 473 penpas
544 353 610 413 iam
633 350 696 414 oiio
710 350 814 473 periit
834 349 944 414 amor?

186 519 367 585 Contendai
387 539 511 582 meeum
533 481 678 601 ingdniO,
702 516 873 582 ooniendai
894 520 927 581 ei
947 520 1029 601 arie,

226 602 397 684 Inprimis
419 623 483 665 una
505 602 606 665 diseat
627 622 730 665 amare
752 601 861 665 domo:

184 685 218 750 Si
233 686 358 749 libitum
373 685 432 748 tibi
447 686 520 768 erih,
536 685 690 749 Lernaeas
705 689 827 769 pugnet
841 685 881 748 ad
895 684 1011 766 hydras
1042 697 1075 746 25
1111 700 1119 715 ·

136 780 169 830 10
224 769 268 832 Ei
288 768 347 832 tibi
370 769 409 832 ab
430 769 586 852 Hesperio
608 769 691 832 mala
713 769 847 832 draoone
867 769 963 851 ferai,

183 851 272 915 Trita
292 873 414 916 venena
435 852 538 916 libens
562 855 593 916 ei
613 852 785 936 naufragus
808 852 915 917 ebibai
935 851 1035 916 undas

225 935 269 998 Ei
289 957 461 1019 numquam
482 956 540 1019 pro
561 939 595 999 te
617 935 752 1020 deneget
774 957 842 999 esse
863 936 959 1000 miser

183 1018 283 1101 (Quos
298 1021 421 1085 utinam
435 1020 470 1082 in
483 1019 586 1101 nobis,
599 1020 677 1102 viia,
693 1020 853 1103 experiare
867 1020 990 1084 labores
999 1019 1038 1105 !):

224 1103 291 1167 Iam
313 1104 372 1167 tibi
395 1103 432 1166 de
454 1103 573 1166 timidis
595 1103 656 1167 isie
678 1104 830 1186 superbus
853 1104 926 1185 erit,
1042 1114 1076 1164 30

134 1196 166 1247 15
181 1185 342 1261 Quinum
357 1209 391 1251 se
406 1187 440 1250 in
454 1187 610 1251 tumidum
625 1187 770 1251 iactando
785 1187 873 1250 venii
884 1185 1053 1251 honorem:

224 1269 401 1335 Discidium
422 1271 512 1334 vobis
534 1271 697 1353 proximus
719 1292 820 1334 annus
842 1271 912 1334 erit.

181 1353 228 1415 Ar
248 1376 298 1417 me
320 1376 386 1417 non
398 1358 494 1417 aetas
515 1354 653 1418 muiabii
672 1357 741 1417 iota
763 1353 917 1438 Sibyllae,

224 1435 299 1500 Non
320 1437 411 1499 labor
431 1436 577 1519 Aloidae,
600 1459 666 1500 non
687 1439 780 1521 niger
801 1438 855 1501 ille
878 1437 954 1505 dies.

181 1517 230 1580 Tu
251 1540 322 1582 mea
344 1539 504 1601 conpones
527 1521 559 1582 ei
581 1520 664 1583 dices
687 1528 792 1601 mssa,
816 1520 978 1604 Properhi,
1042 1534 1074 1583 35

132 1612 166 1661 20
222 1600 310 1664 Haeo
331 1604 386 1663 tua
408 1603 496 1664 suni:
520 1600 599 1665 eheu
621 1605 656 1664 tu
677 1601 756 1664 mihi
779 1605 882 1666 aerius
905 1625 987 1685 eras,

182 1681 294 1747 Certus
317 1705 386 1747 eras
408 1683 502 1764 eheu,
526 1684 667 1765 quamvis
689 1705 749 1748 nee
770 1685 924 1768 sanguine
947 1687 1030 1750 avito

222 1766 349 1837 Nobilis
372 1770 405 1830 eh
425 1768 567 1848 quamvis
588 1767 666 1830 hauh
687 1767 733 1830 iia
754 1766 840 1831 dives
863 1775 953 1832 eras?

181 1848 236 1914 Nil
248 1856 311 1934 ‘ego
326 1872 392 1917 non
407 1850 522 1997 patiar,
537 1871 709 1933 numquam
722 1872 773 1915 me
786 1851 901 1915 iniuria
914 1854 1030 1916 mutat:

223 1932 317 1998 Ferre
333 1955 392 2018 ego
422 1955 580 1998 ormosam
594 1934 717 1997 nullum
732 1956 812 1998 onus
828 1955 895 1999 esse
909 1939 996 2018 puio.
1039 1949 1073 1999 40

132 2028 165 2077 25
181 2015 283 2081 Credo
305 2039 366 2102 ego
388 2039 454 2081 non
475 2038 592 2100 paucos
614 2018 676 2082 isia
696 2019 827 2102 periisse
848 2019 963 2103 figura,

224 2099 326 2165 Oredo
349 2122 409 2186 ego
432 2102 486 2165 sed
508 2103 625 2165 multos
647 2123 712 2166 non
733 2102 880 2167 habuisse
902 2103 1005 2167 fidem.

180 2181 283 2248 Parvo
305 2185 415 2249 dilexit
436 2186 537 2268 spaiio
555 2185 698 2250 Minoida
719 2186 870 2268 Theseus,

222 2267 370 2351 Phyllida
384 2268 608 2353 Demophoon,
624 2270 740 2352 hospes
754 2273 885 2353 uterque
898 2271 1009 2334 malus.

180 2350 249 2421 lam
270 2352 330 2415 ribi
351 2349 478 2417 Iasonia
498 2357 606 2417 noiasi
627 2353 739 2417 Medea
761 2355 868 2417 carina
1039 2365 1071 2415 45

133 2445 166 2495 30
222 2432 267 2498 Ei
287 2436 381 2504 modo
404 2439 527 2500 servato
551 2438 618 2500 sola
639 2436 751 2500 relioha
772 2438 849 2500 viro.

181 2515 314 2602 Durash,
335 2542 414 2602 quae
429 2520 537 2584 mulhis
553 2520 732 2584 simulatum
747 2521 841 2605 fingit
855 2541 1008 2603 amorem,

222 2599 268 2665 Ei
289 2624 322 2666 se
343 2603 415 2685 pins
436 2604 492 2666 uni
513 2604 603 2686 siqua
624 2625 734 2686 parare
756 2607 869 2687 potest.

180 2683 258 2751 Noli
280 2685 439 2750 nobilibus
446 2735 454 2768 ,
476 2686 543 2750 noh
566 2687 708 2750 conferre
729 2687 845 2751 beaiis:

222 2766 286 2831 Vix
308 2770 407 2850 venit,
431 2773 570 2833 extremo
592 2770 646 2852 qui
667 2771 755 2852 legai
775 2790 847 2832 ossa
868 2770 933 2850 die3
1039 2783 1073 2834 50

131 2860 165 2912 35
179 2848 223 2914 Ni
237 2849 297 2912 hibi
311 2871 370 2913 nos
385 2851 515 2915 erimus:
531 2850 636 2915 sedin
650 2853 756 2933 potius
771 2871 882 2933 preoor
896 2855 933 2915 ui
946 2874 996 2916 me

222 2930 378 2997 Demissis
399 2934 532 3019 plangas
555 2937 684 3020 pectora
707 2934 792 2998 nuda
812 2935 920 3000 comis.

476 3147 544 3218 rx
572 3147 710 3239 [xxvi.

181 3265 285 3333 Vnioa
306 3271 382 3333 nata
402 3289 473 3333 meo
495 3266 707 3353 pulcherrima
729 3291 803 3335 eura
823 3270 940 3352 dolori,

224 3351 373 3417 Excludii
394 3353 543 3436 quoniam
566 3374 633 3417 sors
656 3375 726 3418 mea
748 3359 857 3437 ‘saepe
878 3355 979 3437 veni',

182 3434 248 3501 Ista
269 3437 348 3502 meis
369 3437 424 3501 fier
444 3437 611 3503 notissima
632 3438 734 3503 forma
756 3439 885 3523 libellis,
