2302 3922
92 213 134 274 44
386 209 578 273 GATULLI
600 208 735 274 GARll.
758 219 802 273 64.

176 380 327 439 Inmemor
348 385 380 439 at
399 380 518 440 invenis
538 379 660 456 fugiens
679 377 772 459 pellit
792 377 868 438 vada
888 378 1000 456 remis,

175 464 267 523 lrrita
287 469 434 539 ventosae
453 461 597 540 linquens
617 464 768 543 promissa
783 459 953 543 procellae.

121 559 155 612 00
176 548 273 622 Quem
291 546 400 627 procul
421 564 459 606 ex
479 544 548 625 alga
567 547 693 606 maestis
713 547 829 607 Minois
850 544 974 623 ocellis,

176 630 272 690 Saxea
293 636 327 690 ut
349 629 469 707 effigies
492 630 687 707 bacchantis,
709 630 876 709 prospicit,
899 629 997 708 elren,

173 714 329 794 Prospicit
349 720 382 772 et
402 714 519 792 magnis
539 733 680 773 curarum
700 714 829 773 fluctuat
844 711 951 789 undis,

173 799 242 858 Non
262 799 339 857 flavo
358 798 499 858 retinens
521 796 665 857 subtilem
687 798 805 858 vertice
826 797 965 874 mitram,

174 881 243 940 Non
264 886 406 941 contecta
425 881 488 941 levi
507 880 640 941 velatum
661 887 770 962 pectus
793 881 922 956 amictu,

119 976 153 1027 65
173 964 242 1023 Non
262 967 359 1039 tereti
379 966 520 1047 strophio
541 964 687 1026 lactentis
707 967 808 1024 vincta
828 961 976 1044 papillas,

175 1048 283 1109 Omnia
301 1067 379 1128 quae
399 1055 467 1110 toto
489 1047 615 1130 delapsa
635 1066 653 1108 e
675 1066 807 1129 corpore
827 1049 940 1128 passim

174 1132 272 1212 ipsius
293 1139 364 1193 ante
385 1132 484 1214 pedes
505 1134 617 1193 flnctus
638 1129 711 1192 salis
733 1131 922 1199 alludebant.

174 1216 226 1283 Sic
247 1234 349 1294 neque
371 1225 436 1276 tum
455 1218 565 1277 mitrae
584 1236 686 1296 neque
708 1225 772 1277 tum
791 1215 941 1276 fluitantis
962 1214 1091 1275 amictus

174 1298 232 1360 llla
252 1301 351 1359 vicem
373 1319 482 1360 curans
503 1308 570 1361 toto
591 1319 629 1360 ex
649 1294 691 1360 te‘
702 1307 848 1380 pectore,
871 1298 1013 1375 Theseu,

121 1392 155 1447 70
176 1384 257 1444 'loto
279 1385 395 1462 animo,
416 1389 482 1443 tota
503 1383 659 1464 pendebat
680 1382 804 1465 perdita
825 1388 938 1442 mente.

174 1468 224 1526 Ah
245 1468 374 1541 misera,
396 1465 526 1526 assiduis
548 1487 637 1545 qnam
654 1464 788 1527 luctibus
809 1466 981 1525 externavit

174 1550 320 1629 Spinosas
341 1551 476 1629 Erycina
497 1568 606 1609 serens
627 1551 660 1610 in
680 1558 809 1630 pectore
830 1566 918 1608 curas

173 1632 230 1694 Illa
251 1640 452 1713 tempestate,
473 1633 562 1693 feror
581 1652 640 1712 quo
663 1652 700 1692 ex
721 1639 861 1713 tempore
881 1630 1023 1712 Theseus

173 1719 325 1794 Egressus
345 1719 445 1777 curvis
468 1736 485 1776 e
504 1716 649 1777 litoribus
669 1717 774 1776 Piraei

122 1809 153 1862 75
175 1800 288 1878 Attigit
307 1802 413 1860 iniusti
434 1802 517 1879 regis
539 1801 690 1879 Gortynia
710 1806 802 1862 tecta.

174 1885 249 1943 Nam
268 1885 436 1964 perhibent
456 1884 529 1944 olim
550 1882 670 1944 crudeli
690 1891 779 1965 peste
802 1889 937 1961 coactam

173 1967 418 2047 Androgeoneae
440 1988 555 2049 poenas
578 1966 848 2036 exolverecaedis

170 2049 301 2111 'Eiectos
320 2054 445 2113 iuvenes
467 2051 608 2113 simulet
630 2051 724 2113 decus
742 2053 939 2132 innuptarum

174 2135 356 2216 cecropiam
378 2135 499 2197 solitam
521 2155 590 2196 esse
612 2136 721 2217 dapem
743 2135 817 2195 dare
838 2134 1025 2194 Minotauro.

119 2228 153 2281 80
175 2220 250 2295 Quis
272 2228 399 2300 angusta
420 2220 508 2281 malis
531 2241 598 2281 cnm
621 2223 742 2281 moeni-a
762 2224 962 2293 vexarentur,

174 2303 244 2382 lpse
266 2323 352 2364 suum
375 2305 516 2365 'l'heseus
535 2325 592 2385 pro
615 2308 694 2364 caris
715 2323 826 2384 corpus
847 2303 978 2362 Athenis
1056 2310 1060 2316 ‘

176 2387 335 2448 Proiicere
355 2391 471 2468 optavit
491 2390 593 2468 potius
614 2408 703 2466 qnam
723 2386 798 2447 talia
819 2386 943 2446 Cretam

174 2469 298 2530 Funera
318 2471 488 2551 Cecropiae
510 2490 567 2530 nec
588 2471 699 2530 funera
718 2475 935 2550 portarentur,

175 2553 279 2631 Atque
298 2556 342 2612 ita
361 2572 438 2614 nave
459 2552 521 2614 levi
541 2556 643 2613 nitens
665 2573 700 2613 ac
717 2552 840 2612 lenibus
860 2551 944 2611 auris

121 2645 154 2697 85
176 2634 403 2713 Magnanimum
424 2636 463 2697 ad
483 2638 589 2697 Minoa
611 2639 696 2697 venit
716 2635 868 2714 sedesque
887 2635 1043 2714 superbas.

174 2718 264 2778 Hunc
286 2719 376 2779 simul
398 2740 432 2779 ac
454 2720 565 2800 cupido
587 2721 747 2801 conspexit
764 2717 879 2778 lumine
898 2720 985 2796 virgo

115 2802 118 2811 '
173 2801 286 2879 Regia,
309 2823 398 2882 quam
419 2806 518 2868 suavis
539 2805 680 2883 expirans
703 2810 803 2862 castus
824 2801 936 2861 odores

172 2884 320 2946 Lectulus
341 2887 375 2947 in
391 2885 478 2947 molli
499 2886 660 2967 complexu
679 2887 785 2947 matris
806 2883 923 2965 alebat,
979 2939 985 2944 .
1071 2880 1074 2886 ’

175 2969 287 3044 Quales
309 2971 444 3030 Eurotae
464 2972 652 3051 progignunt
673 2971 797 3030 flumina
817 2975 934 3047 myrtus

121 3061 156 3114 90
175 3054 296 3115 Aurave
318 3053 479 3114 distinctos
501 3054 605 3115 educit
625 3073 719 3114 verna
740 3052 876 3130 colores,

84 3156 88 3167 ¹
173 3136 242 3196 Non
260 3139 346 3218 prins
365 3157 403 3198 ex
423 3137 480 3198 illo
501 3140 661 3219 flagrantia
679 3137 844 3198 declinavit

172 3221 316 3299 Lumina,
339 3242 427 3301 qnam
449 3229 558 3282 cuncto
581 3224 723 3301 concepit
745 3240 876 3301 corpore
896 3221 1045 3281 flammam

172 3302 324 3365 Funditus
345 3314 437 3386 atque
456 3307 525 3366 imis
547 3308 660 3366 exarsit
680 3311 746 3365 tota
766 3302 919 3365 medullis.

172 3389 242 3448 Heu
261 3390 374 3450 misere
394 3391 549 3468 exagitans
570 3391 679 3450 immiti
701 3389 795 3450 corde
815 3389 939 3449 furores

116 3479 150 3533 95
172 3471 284 3532 Sancte
302 3491 399 3553 puer,
421 3475 502 3534 curis
522 3475 677 3534 hominum
701 3474 752 3553 qui
773 3474 880 3553 gaudia
901 3474 1029 3547 misces,

358 3708 461 3789 ,Λ

354 3826 391 3884 a*
