2302 3922
97 218 158 285 118
391 224 584 281 raoeuuru
604 226 711 279 marus
731 224 767 281 v.
983 225 1055 297 [ur]

160 385 216 451 Sat
251 386 309 450 tibi
348 386 415 449 sint
449 389 581 469 noctes,
618 408 715 534 quasf
731 385 769 450 de
805 406 870 469 me,
906 385 1026 470 Paulle,

713 470 828 554 atiges,

201 553 393 636 Somniaque
413 554 448 617 in
469 555 583 619 faeiem
604 554 727 618 reddita
755 575 848 637 saepe
870 575 990 618 meam:

158 637 264 720 Atque
285 637 340 700 ubi
362 642 483 702 secreto
505 642 616 703 nostra
636 637 676 702 ad
697 637 864 703 simulacra
884 638 1033 721 loqueris,

200 720 245 785 Vt
266 742 474 804 responsurae
496 722 623 806 singula
646 722 742 786 verba
763 722 838 785 iace.

109 816 142 865 85
158 802 221 869 Seu
242 808 350 869 tumen
372 805 538 869 adversum
559 806 690 869 mutarit
711 806 806 870 ianua
826 805 953 887 laetum,

200 886 325 953 Sederit
346 892 378 953 et
398 892 508 952 nostro
531 892 622 952 eante
642 910 778 953 noverea
798 892 879 971 tore,

158 969 361 1056 Coniugium,
384 973 488 1069 pueri,
503 976 524 1053 †
538 972 663 1036 laudate
686 976 719 1037 et
732 973 813 1039 ferte
827 977 1011 1057 paternum:

200 1054 302 1139 Capta
323 1056 413 1120 dabrt
434 1057 547 1120 vestris
569 1056 711 1121 moribus
733 1057 789 1119 illa
810 1078 933 1122 manus.

158 1138 226 1204 Nea
248 1143 382 1204 matrem
403 1140 529 1204 laudate
550 1141 662 1205 nimis:
685 1141 801 1205 eullata
821 1140 921 1224 priori

108 1235 142 1285 90
198 1223 311 1289 Vertat
331 1225 367 1287 in
388 1223 525 1288 offensas
549 1224 649 1288 libera
669 1225 766 1288 verba
787 1246 867 1288 suas.

158 1307 221 1373 Seu
241 1329 362 1372 mernor
383 1307 438 1373 ille
460 1330 531 1372 mea
545 1312 713 1373 contentus
729 1309 883 1373 manserit
905 1310 1018 1374 umbra

200 1390 244 1455 Et
265 1393 348 1455 tanti
371 1392 492 1456 eineres
514 1392 639 1457 duxerit
661 1415 730 1457 esse
751 1414 849 1474 meos,

158 1474 279 1538 Discite
301 1479 466 1539 venturam
487 1476 551 1539 iam
572 1498 657 1540 nune
684 1476 783 1540 lenire
805 1479 974 1559 senectam,

199 1557 336 1622 anlibis
359 1558 399 1622 ad
422 1580 511 1622 curas
533 1579 593 1623 nee
615 1563 706 1623 vacet
726 1561 792 1623 ulla
813 1561 872 1623 vis.

107 1652 140 1702 95
155 1639 247 1715 Quod
279 1639 358 1703 mihi
391 1639 619 1722 detractumst‚
658 1643 779 1705 vestros
812 1642 941 1706 accedat
970 1645 1010 1706 ad

698 1744 814 1786 annos:

198 1806 292 1871 Prole
313 1826 383 1870 mea
405 1806 551 1870 Paullum
572 1807 618 1869 sie
638 1806 725 1869 iuvet
746 1827 814 1869 esse
836 1826 953 1870 senem.

156 1891 200 1956 Et
233 1890 315 1955 bene
350 1889 468 1954 habet:
511 1910 684 1973 numquam
719 1893 822 1987 mater
862 1890 1010 1974 lugubria

699 1996 833 2058 sumps1:

199 2059 298 2125 Venit
319 2060 353 2122 in
376 2058 523 2141 exequias
544 2061 614 2122 teta
636 2061 761 2122 caterva
782 2079 877 2125 meas.

157 2142 260 2208 Causa
281 2145 467 2226 peroratast.
488 2142 600 2206 flentes
622 2163 673 2205 me
695 2143 825 2227 surgite,
848 2145 955 2224 testes,

95 2239 143 2289 100
200 2226 286 2291 Dum
306 2226 445 2311 pretium
467 2227 551 2290 vitae
572 2228 665 2310 grata
685 2226 832 2310 rependit
852 2225 975 2290 humus.

156 2310 299 2374 Moribus
322 2313 354 2374 et
375 2310 497 2374 eaelum
518 2310 635 2393 patuit:
658 2310 719 2373 sim
740 2310 837 2393 digna
858 2309 1019 2393 merendo,

200 2392 297 2460 Ouius
319 2393 483 2459 honoratis
499 2414 573 2458 ossa
594 2392 750 2459 vehantur
771 2394 848 2458 avis.

159 2829 267 2885 Perisse
285 2829 424 2898 quaedam
442 2828 622 2899 emepertii
634 2828 711 2882 libris
729 2827 798 2882 satis
816 2829 936 2883 constet:
954 2845 1052 2898 quam·

94 2931 178 2985 quam
199 2915 359 2982 fragmenta
380 2929 451 2982 quae
473 2915 535 2967 tuto
562 2912 651 2983 possis
674 2913 777 2967 referre
800 2911 837 2966 ad
860 2913 984 2968 earmina
1005 2914 1052 2971 de·

93 2998 205 3070 perdita
221 3015 277 3054 non
296 2999 400 3052 extant.
436 2998 508 3052 Nam
524 2997 665 3066 Fulgentii
681 3013 770 3064 nugas
789 2997 861 3065 [663,
880 3003 904 3052 7.
924 3002 986 3064 564,
1007 2999 1050 3068 27]

93 3100 150 3138 non
166 3098 267 3138 moror.
302 3081 362 3137 Nec
378 3081 408 3134 id
424 3080 537 3145 mirum;
556 3082 687 3150 quoniam
704 3097 760 3136 nen
778 3081 868 3136 minus
885 3096 949 3136 raro
967 3098 1053 3150 quem

93 3164 198 3220 'libulii
216 3167 274 3222 eius
292 3166 325 3219 fit
341 3163 445 3219 mentio
463 3163 539 3233 apud
555 3170 672 3220 veteres.

412 3401 722 3417 *n*-
