2302 3922
380 160 571 224 GATULLI
594 160 726 224 cliiii.
747 173 792 231 04.
1048 166 1090 230 45

171 333 319 409 Quaeque
339 331 422 409 regis
440 328 555 409 Golgos
578 349 717 410 quaeque
736 327 863 390 idalium
881 330 1071 413 frondosum,
1113 312 1120 327 ⁸

171 413 321 492 Qualibus
339 415 496 474 incensum
516 416 653 475 iactastis
674 420 778 475 mente
797 411 932 493 puellam

169 497 333 561 Fluctibus
353 499 386 557 in
407 498 484 558 flavo
506 517 599 578 saepe
620 499 744 578 hospite
765 499 985 578 suspirantem!

170 584 309 660 Quantos
327 580 383 642 illa
401 579 475 642 tulit
495 579 653 660 languenti
674 581 770 643 corde
790 583 935 642 timores!

92 679 150 734 100
169 667 291 743 Quanto
314 683 406 746 saepe
428 666 523 742 magis
545 665 675 744 fulgore·
689 664 838 746 expalluit
857 667 939 726 auri!

169 751 247 813 cnm
266 768 389 810 saevum
410 750 536 829 cupiens
558 756 667 809 contra
688 746 878 809 contendere
897 758 1068 811 monstrum

170 835 233 894 Aut
252 840 384 893 mortem
405 839 572 913 oppeteret
588 833 730 893 Theseus
752 839 803 892 aut
822 835 959 913 praemia
979 833 1087 896 laudis.

169 918 239 978 Non
258 918 378 997 ingrata
398 924 502 976 tamen
523 918 638 977 frustra
660 915 838 976 munuscula
860 915 937 977 divis

169 1001 360 1060 Promittens
380 1003 475 1060 tacito
497 1003 634 1081 suscepit
654 1006 724 1060 vota
739 997 864 1060 labello.

94 1097 150 1150 105
169 1085 245 1145 Nam
265 1082 351 1145 velut
371 1085 405 1143 in
425 1102 541 1144 summo
563 1087 753 1164 quatientem
772 1083 898 1143 brachis
920 1084 1022 1146 Tauro

171 1169 325 1245 Quercnru
345 1174 399 1247 aut
419 1169 595 1247 conigeram
616 1167 738 1228 sudanti
759 1168 877 1228 cortice
895 1168 1000 1247 pinum

169 1252 353 1313 Indomitum
372 1252 487 1311 turben
508 1260 715 1332 contorquens
735 1251 858 1312 flumine
880 1251 976 1311 robur

168 1336 261 1396 Eruit
282 1334 353 1412 (illa
373 1333 484 1416 procul
505 1335 654 1396 radicitus
676 1337 837 1396 exturbate

169 1420 272 1480 Prona
294 1418 394 1494 cadit,
414 1417 541 1499 lateque
563 1426 596 1480 et
617 1421 755 1480 cominus
776 1419 876 1478 omnia
896 1418 1068 1500 frangens),

93 1516 150 1570 110
170 1502 223 1564 Sic
243 1502 358 1563 domito
380 1522 503 1566 saevum
521 1505 689 1584 prostravit
710 1520 842 1583 corpore
864 1501 1004 1563 Theseus

169 1671 381 1750 Nequicquam
399 1672 484 1730 vanis
505 1673 670 1734 iactantem
691 1689 806 1730 cornus
827 1670 935 1730 sentis.

170 1753 246 1814 lhde
268 1753 380 1834 pedem
396 1772 509 1834 sospes
530 1753 626 1815 mults
646 1775 715 1815 cum
735 1752 828 1814 laude
850 1754 973 1815 reiiesit

170 1837 353 1898 Errabunda
374 1855 487 1915 regens
508 1840 595 1899 tenui
613 1840 742 1918 vestigia
762 1836 833 1915 iilo,

170 1922 217 1982 Ne
238 1919 444 2000 labyrintheis
466 1940 484 1981 e
506 1924 635 1983 lienibus
655 1922 869 2002 egredientem

94 2019 148 2072 115
170 2005 263 2066 Tecti
285 2005 488 2066 frustraretur
508 2005 742 2067 inobservabilis
764 2024 864 2070 error.

172 2088 235 2149 Sed
258 2088 333 2168 qnid
354 2107 412 2168 ego
434 2109 452 2148 ι
470 2091 569 2168 pr1mo
592 2088 749 2167 digressus
771 2088 906 2148 carmine
925 2085 1015 2167 plura

170 2173 432 2250 Commemorem,
452 2181 487 2233 ut
506 2173 650 2252 linquens
671 2173 820 2251 genitoris
841 2170 907 2231 iilia
927 2170 1058 2250 vultum,

170 2256 215 2317 Ut
235 2257 479 2334 consanguineae
502 2253 709 2336 complexum,
727 2261 762 2315 ut
783 2253 918 2333 denique
939 2256 1060 2332 matris,

174 2338 258 2414 Quae
280 2341 393 2400 misera
412 2341 445 2398 in
466 2346 556 2419 gnata
579 2337 741 2420 deperdita
760 2335 951 2413 laetabatur,

96 2433 151 2487 120
173 2422 320 2483 Omnibus
337 2424 387 2484 his
410 2423 528 2484 Thesei
549 2422 670 2483 dulcem
690 2422 883 2504 praeoptarit
903 2439 1052 2499 amorem,

172 2507 235 2566 Ant
254 2511 290 2566 ut
310 2516 398 2568 vecta
420 2510 495 2568 ratis
517 2527 659 2588 spumosa
680 2506 719 2567 ad
738 2506 832 2567 litora
851 2505 945 2584 Diae,

173 2587 266 2650 *Aut
285 2597 321 2650 ut
342 2609 409 2650 eam
431 2591 603 2653 devinctam
622 2589 738 2652 lumina
762 2609 868 2651 somno

171 2672 315 2752 Liquerit
335 2676 507 2735 immemori
528 2674 691 2737 discedens
712 2683 842 2756 pectore
864 2674 1016 2734 coniunxi

174 2755 274 2836 Saepe
292 2755 376 2818 illam
397 2760 566 2839 perhibent
586 2758 709 2820 ardenti
727 2757 822 2819 corde
841 2757 996 2818 furentem

96 2849 151 2902 125
172 2838 348 2901 Clarisonas
365 2844 426 2902 imo
447 2841 565 2903 fudisse
586 2861 604 2902 e
624 2850 754 2923 pectore
773 2860 881 2918 voces,
975 2841 979 2851 '

172 2923 218 2983 Ac
238 2931 302 2983 tum
323 2934 507 3006 praeruptos
527 2927 650 2989 tristem
671 2924 881 2987 conscendere
901 2929 1039 3002 montes,

172 3006 264 3068 Unde
286 3010 383 3069 aciem
403 3011 435 3069 in
456 3008 559 3089 pelagi
579 3018 680 3071 vastos
700 3008 907 3091 protenderet
927 3015 1044 3085 aestus,

174 3090 254 3150 Tum
275 3092 401 3153 tremuli
421 3093 494 3154 salis
515 3092 657 3155 adversos
677 3110 865 3175 procurrere
885 3093 918 3151 in
938 3091 1034 3152 undas

172 3173 284 3235 Mollis
304 3176 435 3237 nudstae
457 3176 620 3238 tollentem
640 3180 775 3258 tegmina
796 3194 903 3253 surae,

96 3266 151 3322 130
173 3257 276 3336 Atque
296 3259 374 3321 haec
392 3263 538 3322 extremis
559 3268 705 3322 maestam
724 3261 838 3322 dixisse
859 3258 1012 3340 querelis,

172 3339 350 3420 Frigidnlos
368 3344 428 3405 udo
450 3343 601 3425 singultus
623 3364 678 3406 ore
699 3347 841 3408 cientem.

217 3425 358 3488 ‘Siccine
377 3448 427 3490 me
447 3432 556 3511 patriis
577 3438 729 3508 avectam,
748 3428 885 3510 periide,
907 3428 944 3488 ab
967 3428 1045 3503 oris,
