2302 3922
102 217 144 280 94
486 220 679 275 00000000
924 186 935 203 ”
1029 222 1064 296 [1.

207 381 255 446 Mi
275 382 352 445 folia
373 403 412 446 ex
433 380 549 446 hedera
569 382 655 466 porri
680 403 706 464 e,
728 381 863 462 Bacche,
885 383 955 464 tua,

165 465 211 529 Vt
231 466 347 529 nostris
369 466 542 530 tumefacta
564 403 725 550 superbiat
746 465 881 530 Vmbria
901 463 1002 547 libris,

207 547 341 612 Vmbria
362 547 500 613 Romani
521 550 624 633 patria
646 548 842 614 Callimachi.

115 643 148 693 05
165 631 360 697 Soandentes
383 632 524 716 quisquis
548 636 655 698 cernet
677 634 715 717 de
737 634 873 698 vallibus
895 653 993 715 arces,

206 714 341 799 Ingenio
363 736 471 780 muros
493 718 639 781 aestimet
658 717 713 781 ille
735 739 814 781 meo.

163 797 274 882 Roma,
296 800 382 882 fave,
404 800 464 863 tibi
485 801 588 884 surgit
609 821 703 884 opus,
726 800 798 865 date
820 799 954 864 candida
975 799 1059 864 cives

206 881 331 965 Omina,
355 886 388 947 et
407 883 543 967 inceptis
558 884 687 948 dextera
702 887 809 949 cantet
829 885 905 948 avis.

164 964 262 1030 Sacra
276 966 404 1050 diesque
416 988 528 1032 canam
544 969 576 1032 00
587 968 777 1052 cognomina
784 969 889 1051 prisca
899 969 1058 1031 locorum:

114 1060 147 1110 70
203 1049 272 1113 Has
294 1071 383 1114 meus
405 1051 566 1173 adssmetas
589 1051 681 1116 sudet
692 1055 826 1174 *oportet
849 1071 956 1134 equus.

162 1217 244 1292 ‘Quo
264 1219 330 1283 ruis
352 1218 536 1303 inprudens,
558 1183 648 1304 dage,
672 1219 774 1285 dicere
796 1220 871 1303 fata,
885 1217 1057 1308 Properti?

202 1301 278 1366 Non
300 1306 375 1367 sunt
395 1324 424 1386 a,
448 1303 558 1368 dextro
580 1304 707 1368 condita
727 1304 782 1367 fila
803 1304 883 1369 0010.

161 1385 292 1449 Aversis
313 1389 334 1468 †
355 1387 495 1451 lacrimis
517 1391 640 1471 cantas,
663 1409 791 1452 aversus
812 1387 945 1471 Apollo:

202 1467 312 1533 Poscis
334 1469 374 1533 ab
395 1470 497 1535 invita
518 1472 614 1534 verba
657 1471 774 1555 igenda
794 1471 873 1554 lyra.

112 1562 145 1612 ’15
160 1549 256 1615 Certa
276 1552 376 1615 feram
398 1553 493 1616 certis
515 1493 712 1618 auctoribus:
734 1553 813 1617 haut
834 1575 894 1638 ego
915 1556 1004 1618 vates

201 1633 337 1698 Nescius
358 1637 464 1698 aerata
485 1635 578 1720 signa
599 1657 725 1700 movere
746 1637 822 1719 pila.

159 1716 213 1780 Me
235 1720 322 1780 creat
341 1717 500 1801 Archytae
522 1719 647 1783 soboles
668 1718 864 1802 Babylonius
885 1720 1014 1804 Horops

202 1799 324 1884 Horon,
347 1804 380 1865 et
400 1822 420 1864 0
440 1822 559 1885 proavo
588 1802 683 1866 ducta
704 1801 835 1868 Conone
857 1803 978 1868 domus.

159 1881 202 1947 Di
224 1883 303 1948 mihi
325 1888 400 1948 sunt
420 1888 518 1950 testes
540 1906 607 1951 non
627 1885 834 1971 degenerasse
848 1888 1055 1972 propinquos,

110 1979 145 2030 80
203 1967 305 2052 Inque
326 1968 406 2034 meis
427 1969 519 2034 libris
540 1970 588 2034 nil
609 1970 698 2054 prius
722 1992 790 2035 esse
811 1972 883 2038 fide.

160 2051 256 2117 Nunc
277 2054 539 2136 pretiumafecere
561 2054 637 2119 deos
659 2058 692 2118 00
718 2055 840 2119 fallitur
861 2077 937 2121 auro

201 2135 361 2221 Iuppiter,
383 2137 530 2220 obliquae
551 2139 645 2224 signa
665 2139 780 2203 iterata
801 2143 898 2205 rotae.

158 2217 343 2304 Felicesque
364 2220 450 2286 Iovis
473 2222 581 2286 stellas
602 2222 777 2307 Martisque
798 2224 921 2308 rapacis

200 2302 246 2367 Et
266 2325 363 2388 grave
385 2304 516 2370 Satmni
537 2306 623 2370 sidus
645 2306 680 2369 in
702 2327 796 2372 omne
819 2311 930 2391 caput,

111 2397 144 2446 85
160 2384 245 2462 Quid
265 2392 418 2453 moveant
437 2389 545 2454 Pisces
568 2390 772 2473 animosaque
794 2391 887 2476 signa
907 2388 1033 2472 Leonis,

110 2481 144 2532 80
203 2468 302 2535 Lotus
324 2476 358 2536 00
377 2471 534 2556 Hesperia
555 2473 631 2556 quid
653 2471 866 2558 Capricornus
888 2495 977 2556 aqua,

110 2565 143 2616 80
158 2551 237 2617 Dixi
260 2576 330 2640 ego,
349 2576 420 2621 cum
441 2557 588 2641 geminos
610 2557 798 2641 produceret
814 2558 910 2623 Arria
930 2560 1021 2620 natos

110 2649 144 2698 90
202 2637 278 2722 (Illa
292 2639 387 2703 dabat
400 2641 485 2704 natis
506 2662 594 2704 arma
608 2644 737 2706 vetante
765 2642 854 2727 deo):

161 2720 237 2785 Non
259 2743 353 2805 possa
376 2723 415 2786 ad
436 2725 558 2806 patrios
579 2746 636 2788 sua
656 2724 723 2807 pila
743 2724 861 2787 referre
882 2723 1034 2786 Penates:

201 2803 325 2888 Nempe
347 2826 450 2870 meam
471 2807 600 2870 firmant
619 2827 706 2871 nunc
727 2805 788 2868 duo
814 2806 907 2868 busta
927 2803 1033 2866 fidem.

161 2887 222 2962 Qui
244 2908 284 2970 po
305 2886 481 2984 Lupercus,
510 2891 582 2973 equi
604 2890 678 2957 dum
700 2887 806 2952 saucia
826 2886 967 2970 protegit
988 2907 1053 2970 ora,

237 2993 275 3034 eu
297 2970 360 3034 sibi
380 2972 528 3054 prolapso
549 2995 616 3037 non
638 2972 719 3036 bene
741 2970 827 3035 cavit
848 2991 945 3053 equo:

111 3068 144 3118 95
161 3055 271 3120 Gallus
293 3057 337 3139 at,
359 3055 394 3119 in
416 3055 527 3118 castris
549 3055 624 3119 dum
639 3053 758 3119 eredita
779 3054 872 3139 signa
893 3057 1008 3138 tuetur,

204 3138 352 3205 Concidit
372 3142 445 3204 ante
466 3137 588 3222 aquilae
616 3141 720 3202 rostra
741 3142 872 3202 cruenta
894 3160 978 3203 suae.

160 3224 287 3289 Fatales
309 3224 413 3308 pueri,
436 3223 499 3288 duo
519 3221 631 3286 funera
651 3223 762 3287 matris
784 3244 905 3306 avarae,

202 3307 301 3389 Vera,
325 3308 381 3373 sed
402 3307 518 3382 invito,
540 3305 677 3392 contigit
697 3306 760 3371 ista
780 3307 869 3372 fides.

160 3389 250 3455 Idem
272 3413 350 3475 ego,
378 3413 450 3457 cum
472 3389 606 3457 Cinarae
627 3389 770 3456 traheret
791 3389 913 3455 Lucina
934 3390 1057 3454 dolores

100 3485 149 3534 100
205 3473 251 3539 Et
271 3475 414 3540 facerent
436 3475 518 3541 uteri
539 3475 681 3561 pondera
701 3476 790 3541 lenta
810 3496 950 3558 moram,

54 3706 107 3821 Ἧι,

29 3839 31 3842 ,
76 3821 89 3839 ἒ·

63 3862 70 3881 l
