2302 3922
140 223 162 289 8
553 224 701 283 ‘mavum
1041 229 1102 300 [m

248 389 382 472 Abdita,
406 409 500 473 quam
523 388 641 452 circum
662 388 793 453 flumina
812 388 907 485 nigra
928 392 1058 453 sonant:

204 473 441 557 Tisiphoneque
463 473 579 555 inpexa
600 472 685 536 feros
705 495 763 555 pro
787 472 925 537 crinibus
947 493 1067 557 angues

156 570 190 618 70
248 556 370 639 Saevit,
394 559 427 619 et
447 555 510 619 huc
531 555 607 619 illuc
628 556 717 639 inpia
737 557 832 621 turba
851 556 949 640 fugit:

205 640 296 704 Tunc
316 640 410 723 niger
432 639 467 702 in
487 642 581 722 porta
602 642 784 722 serpentum
807 639 962 705 Cerberus
983 660 1039 705 ore

247 723 368 788 Stridet
390 725 422 787 et
443 726 564 786 aeratas
587 724 722 787 excubat
742 725 816 787 ante
837 724 932 788 fores.

204 806 276 871 Illic
298 807 454 871 Iunonem
475 809 634 890 temptare
655 807 775 871 ixionis
797 808 865 870 ausi

248 889 426 955 Versantur
447 891 542 954 celeri
563 891 659 954 noxia
679 891 822 955 membra
841 893 928 974 rota,

154 987 189 1037 75
203 974 435 1059 Porrectusque
456 995 572 1038 novem
594 974 704 1058 Γ1111)ὀο
726 997 783 1059 per
802 975 914 1059 iugera
934 979 1038 1039 terrae

244 1059 405 1123 Adsiduas
427 1062 496 1123 atro
518 1059 638 1123 viscere
659 1059 763 1141 pascit
783 1080 865 1123 aves.

205 1143 359 1208 Tantalus
382 1143 533 1225 estillic,
557 1147 590 1206 et
612 1142 730 1207 circum
751 1146 878 1227 stagnat
900 1143 956 1207 sed
977 1162 1081 1208 acrem

245 1226 314 1292 Iam
336 1228 401 1291 iam
422 1226 528 1309 poturi
551 1226 668 1290 deserit
688 1227 773 1291 unda
795 1227 897 1290 sitim:

203 1312 248 1376 Et
270 1311 375 1375 Danai
419 1310 516 1392 roles,
538 1309 673 1374 Veneris
696 1310 780 1394 quod
800 1310 931 1374 numina
952 1308 1059 1391 laesit,

154 1408 189 1456 so
245 1394 285 1458 In
307 1415 384 1458 cava
449 1392 557 1456 uaeas
580 1393 665 1456 dolia
686 1397 793 1476 portat
814 1414 921 1476 equas.

204 1477 277 1542 Illic
299 1478 356 1560 eit,
381 1476 569 1559 quicumque
591 1498 679 1540 meos
701 1477 833 1541 violavit
853 1498 991 1560 amores,

248 1560 380 1643 Optavit
401 1560 504 1623 lentas
526 1559 658 1622 etmihi
679 1560 820 1625 militias.

203 1646 250 1708 At
270 1648 306 1706 tu
328 1645 413 1707 casta
435 1664 546 1726 precor
566 1664 711 1725 maneas,
735 1644 898 1726 sanctique
919 1643 1053 1727 pudoris

247 1727 402 1791 Adsideat
425 1730 532 1790 custos
554 1726 669 1795 sedula
685 1748 809 1810 semper
830 1748 917 1790 anus.

154 1824 188 1873 εἴ)
204 1811 294 1875 Haec
314 1811 374 1874 tibi
395 1810 529 1874 fabellas
551 1809 668 1874 referat
688 1812 855 1894 positaque
877 1812 1004 1873 lucerna

247 1894 393 1959 Deducat
413 1895 508 1978 plena
530 1893 668 1957 stamina
689 1895 786 1980 longa
808 1895 898 1977 colu,

203 1980 251 2042 At
272 1980 356 2043 circa
377 1977 527 2063 gravibus
548 1977 655 2061 pensis
677 1978 772 2042 affixa
793 1978 899 2061 puella

247 2063 405 2127 Paulatim
427 2083 539 2127 somno
560 2061 646 2124 fessa
665 2063 808 2127 remittat
829 2083 919 2146 opus.

206 2146 288 2211 Turn
309 2148 435 2210 ueniam
457 2146 579 2228 subit0,
602 2166 662 2211 nec
684 2147 850 2230 quisquam
871 2145 997 2210 nuntiet
1018 2148 1101 2230 ante,

152 2243 196 2307 907
248 2229 310 2296 sed
331 2231 439 2295 videar
461 2230 548 2295 caelo
570 2230 686 2294 missus
709 2231 818 2295 adesse
839 2230 907 2294 tibi.

205 2314 295 2379 Timo
316 2314 409 2388 mihi,
436 2314 538 2396 qualis
562 2315 636 2396 eris,
669 2315 783 2400 longos
806 2315 933 2378 turbata
955 2314 1099 2396 capillos,

248 2397 351 2463 Obvia
371 2398 507 2480 nudato,
530 2397 638 2479 Delia,
661 2419 749 2462 curre
771 2398 860 2481 pede.

202 2480 276 2547 Hoc
297 2503 424 2566 precor,
447 2481 532 2544 hunc
555 2480 645 2542 illum
667 2480 760 2543 nobis
780 2481 906 2543 Aurora
925 2478 1083 2542 nitentem
1144 2510 1149 2519 ·

246 2565 427 2630 Luciferum
448 2563 548 2629 roseis
572 2562 704 2626 candida
724 2565 831 2645 portet
852 2560 949 2645 equis.

545 2694 696 2704 ——-—

576 2778 656 2851 ΠΠ.

206 2898 280 2964 ‘Sic
301 2898 451 2963 umbrosa
471 2899 531 2963 tibi
554 2900 742 2985 contingant
762 2901 859 2981 tecta,
882 2898 1013 2982 Priape,

246 2982 297 3048 Ne
320 2982 417 3066 capiti
440 2985 538 3067 soles,
560 3006 601 3048 ne
622 2986 820 3066 noceantque
841 2984 944 3046 nives:

204 3066 294 3142 Quae
316 3070 373 3131 tua
393 3068 551 3132 formosos
574 3069 659 3152 cepit
680 3066 841 3133 sollertia?
869 3069 952 3131 certe

247 3150 324 3216 Non
345 3152 405 3216 tibi
426 3152 524 3215 barba
545 3153 641 3234 nitet,
663 3174 730 3216 non
750 3151 811 3214 tibi
833 3150 918 3214 culta
940 3152 1079 3233 comest,

173 3234 317 3299 uNudus
339 3239 372 3300 et
392 3236 543 3301 hibernae
564 3236 712 3320 producis
734 3235 853 3318 frigora
874 3234 1017 3317 brumae,

246 3318 360 3385 Nudus
384 3322 416 3384 et
438 3319 549 3383 aestivi
570 3324 716 3403 tempora
737 3319 821 3381 sicca
843 3316 963 3382 Canis?

204 3401 258 3467 sie
281 3423 356 3486 ego:
379 3406 448 3466 tum
469 3402 588 3467 Bacchi
609 3402 774 3486 respondit
794 3401 913 3465 rustica
933 3401 1055 3484 proles,

245 3486 399 3550 Armatus
422 3507 518 3551 curva
539 3487 585 3550 sic
607 3487 686 3549 mihi
709 3486 791 3549 falce
814 3486 899 3549 deus.
