2302 3922
58 193 136 263 vn]
461 191 569 246 amaa
589 191 611 248 1.
983 188 1029 253 15

104 354 228 420 Possim
252 374 326 439 ego,
350 352 427 437 quin
448 354 556 418 oculos
579 356 708 436 appetat
728 354 785 418 illa
804 375 908 438 meos,
991 366 1028 415 το

62 438 109 504 Et
130 438 233 522 siquid
255 458 403 521 peccasse
424 440 532 520 puter,
554 437 712 521 ducarque
734 438 858 522 capillis

105 522 260 587 Inmerito
281 542 400 605 pronas
421 521 639 605 proripiarque
661 522 739 587 vias.

61 606 140 674 Non
161 626 221 690 ego
241 608 274 669 te
295 604 422 689 pulsare
444 605 553 686 velim,
576 605 647 687 sed,
668 606 791 670 venerit
812 606 873 670 iste

106 689 141 755 Si
162 690 265 772 furor,
288 689 425 772 optarim
446 709 512 751 non
532 688 681 752 habuisse
703 711 831 753 manus:

62 774 133 841 Nec
155 794 250 837 saevo
273 774 316 836 sis
339 776 427 836 easta
448 774 550 854 metu,
573 772 628 835 sed
649 775 755 836 mente
776 772 877 857 fideli3
990 784 1027 834 ’15

106 857 236 921 Mutuus
258 857 383 920 absenti
403 859 435 919 te
456 854 535 918 mihi
557 859 661 919 servet
682 877 779 919 amor.

62 941 123 1022 At,
146 962 225 1024 quae
247 941 310 1002 fida
331 940 392 1003 fuit
414 940 510 1021 nulli,
531 943 605 1022 post
626 940 710 1003 vieta
732 943 859 1004 senecta

105 1024 204 1088 Ducit
223 1024 318 1107 inops
339 1024 474 1087 tremula
496 1024 631 1086 stamina
651 1027 736 1086 torta
757 1044 853 1086 manu

61 1108 233 1191 Firmaque
255 1107 419 1171 conductis
442 1107 582 1170 adnectit
602 1107 675 1170 licia
696 1108 769 1171 telis

106 1192 284 1275 Tractaque
306 1190 344 1254 de
365 1192 458 1254 niveo
481 1190 596 1253 vellere
618 1190 712 1254 dente
734 1194 836 1274 putat.
991 1204 1026 1252 80

62 1276 158 1341 Hanc
173 1276 280 1339 animo
296 1274 454 1359 gaudente
469 1274 577 1338 vident
590 1274 800 1357 iuvenumque
817 1277 961 1339 catervae

106 1358 355 1425 Conmemorant
375 1358 489 1421 merito
510 1361 561 1422 tot
581 1358 666 1421 mala
686 1358 769 1422 ferre
791 1380 914 1441 senem,

62 1444 157 1509 Hane
178 1441 289 1508 Venus
310 1464 349 1506 ex
371 1442 436 1505 alto
457 1442 587 1505 flentem
609 1442 753 1506 sublimis
776 1441 912 1525 Olympo

106 1527 237 1610 Spectat
258 1529 291 1589 et
311 1525 418 1589 infidis
440 1546 534 1608 quam
556 1525 599 1589 sit
620 1526 733 1591 acerba
753 1530 872 1590 monet

61 1611 152 1676 Haec
175 1610 246 1673 aliis
267 1609 436 1673 maledicta
457 1608 584 1673 cadant:
608 1631 683 1693 nos,
707 1609 814 1693 Delia,
837 1610 954 1674 amoris
990 1621 1026 1671 85

105 1694 297 1778 Exemplum
319 1714 398 1759 cana
420 1693 518 1756 simus
540 1698 670 1776 uterque
693 1715 791 1758 coma.

504 1908 582 1982 vn.
709 1886 714 1897 '

61 2030 158 2096 Hunc
180 2031 322 2095 cecinere
344 2031 428 2094 diem
445 2031 566 2095 'Parcae
588 2031 698 2095 fatalia
719 2036 830 2096 nentes

107 2114 267 2198 Stamina,
288 2135 356 2179 non
376 2115 433 2178 ulli
456 2115 658 2178 dissoluenda
680 2115 753 2199 de03
1104 2154 1112 2182 ·.

63 2198 159 2263 Hunc
181 2199 266 2281 fore,
289 2199 467 2282 Aquitanas
488 2202 598 2281 posset
619 2199 673 2281 qui
693 2198 825 2261 fundere
847 2201 975 2282 gentes,

107 2282 209 2358 Quem
229 2285 379 2346 tremeret
399 2282 475 2345 forti
498 2282 600 2345 milite
623 2283 724 2346 victus
746 2283 837 2345 Atur.

63 2365 224 2431 Evenere:
247 2386 348 2430 novos
369 2366 469 2449 pubes
490 2366 636 2430 Romana
657 2366 835 2449 triumphos
1007 2378 1027 2427 a

107 2448 200 2514 Vidit
220 2453 253 2514 et
274 2450 415 2514 evinctos
437 2449 567 2513 brachia
589 2454 682 2533 capta
701 2450 811 2514 duces:

64 2533 111 2599 At
131 2537 163 2597 te
185 2533 331 2597 victrices
353 2534 473 2615 lauros,
496 2533 660 2617 Messalla,
682 2538 845 2618 gerentem

106 2617 259 2681 Portabat
279 2617 381 2681 niveis
404 2638 512 2681 currus
535 2618 672 2682 eburnus
694 2619 793 2702 equis.

64 2700 98 2765 N
98 2721 142 2763 on
156 2701 224 2764 sine
239 2704 322 2764 mest
335 2700 394 2764 tibi
408 2705 518 2784 partus
532 2701 651 2765 honos:
673 2702 820 2766 Tarbella
832 2702 957 2785 Pyrene

106 2783 211 2847 Testis
233 2787 266 2848 et
287 2783 406 2848 Oceani
426 2785 522 2849 litora
544 2786 740 2869 Sanctoniai‚
992 2799 1026 2847 10

62 2866 167 2931 Testis
179 2868 263 2931 Arar
272 2867 507 2951 Rhodanusque
519 2871 602 2932 celer
612 2890 808 2954 magnusque
820 2868 981 2952 Garonna,

106 2950 240 3017 Carnuti
263 2955 296 3015 et
315 2952 390 3015 flavi
412 2953 536 3016 caerula
557 2953 689 3037 lympha
709 2954 815 3037 Liger.

62 3035 117 3099 An
135 3040 186 3119 te,
209 3033 333 3118 Cydne,
357 3056 483 3117 canam,
504 3036 610 3099 tacitis
633 3038 685 3120 qui
707 3036 820 3100 leniter
841 3037 935 3101 undis

106 3118 276 3184 Caeruleus
297 3120 431 3203 placidis
453 3140 510 3203 per
530 3120 611 3184 vada
633 3121 732 3204 serpis
754 3120 860 3204 aquis,

62 3201 207 3277 Quantus
230 3206 262 3267 et
283 3203 424 3268 aetherio
447 3204 635 3288 contingens
657 3205 776 3268 vertice
796 3203 897 3267 nubes
992 3216 1024 3264 15

105 3284 254 3371 Frigidus
275 3289 420 3353 intonsos
443 3286 563 3351 Taurus
587 3289 652 3351 alat
673 3286 810 3352 Cilicas?

62 3366 147 3444 Quid
168 3370 319 3455 referam,
341 3377 378 3437 ut
397 3373 509 3438 volitet
523 3371 648 3435 crebras
670 3372 789 3435 intacta
803 3393 860 3455 per
874 3370 967 3435 urbes

105 3454 191 3518 Alba
211 3454 395 3522 Palaestino
418 3459 528 3523 sancta
550 3456 695 3521 columba
717 3455 811 3541 Syre,
