2302 3922
116 233 157 296 18
349 227 540 291 cliuum
559 225 693 288 clun.
710 237 753 291 32.
768 236 811 290 33.
825 223 868 290 34.

200 398 352 476 licceat,
374 396 457 477 quod
475 416 568 478 unum
588 402 636 456 eat
657 415 714 476 pro
736 395 893 456 laboribus
914 398 1016 456 tantis.

200 480 305 549 Salve,
325 500 343 540 c
362 485 490 542 venusta
513 481 641 556 Sirmio,
665 489 757 558 atque
775 481 853 539 hero
872 479 984 558 gaude:

200 565 341 626 Gaudete
360 566 499 643 'vosquc‚
520 583 537 623 c
560 563 576 598 *
595 563 712 644 Lydiae
734 563 819 623 lacua
839 562 953 624 undae:

199 648 328 725 Ridete,
352 647 498 727 quicquid
519 656 568 708 est
591 647 673 708 domi
695 648 920 709 cachinnorum.

540 857 690 924 XXXII.

294 945 433 1053 llmabo,
454 975 522 1037 mea
542 975 642 1036 dulcia
663 975 831 1056 lpaithilla‚
894 970 899 984 '

294 1063 387 1123 Meae
409 1059 557 1138 deliciae,
579 1062 641 1120 mei
661 1060 802 1141 lepores,

294 1148 368 1207 lube
390 1143 429 1204 ad
449 1150 482 1204 te
500 1146 619 1205 veniam
640 1144 844 1206 meridiatum.

293 1233 336 1291 Et
357 1230 383 1289 si
404 1230 531 1288 iusseris
552 1228 647 1307 illud,
670 1227 825 1306 adiuvate,

255 1328 270 1378 5
293 1313 409 1392 Nequis
430 1311 545 1372 liminis
567 1314 693 1373 obseret
712 1313 874 1391 tabellam,

294 1399 361 1459 Neu
381 1398 439 1456 tibi
456 1393 563 1456 lubeat
582 1397 666 1456 faran
688 1399 791 1476 abire,
862 1467 863 1472 η

296 1479 359 1540 Sed
381 1479 463 1561 domi
484 1498 606 1539 mancas
629 1499 782 1560 paresque
802 1482 891 1540 nohis

296 1564 412 1625 Navem
431 1565 589 1624 continuas
610 1563 788 1625 fututicnes.

294 1649 429 1728 Verum,
451 1647 553 1726 siquid
575 1642 789 1725 ages‚‘ntatim
808 1649 929 1708 iubetnz
997 1703 1001 1708 Α

242 1745 276 1796 10
296 1732 373 1792 Nam
392 1751 522 1813 pransus
543 1733 629 1791 iaceo
651 1738 684 1792 et
706 1739 790 1791 satur
811 1734 936 1812 supinus

295 1815 454 1876 Pertunda
475 1817 672 1894 tunicamque
693 1813 889 1896 palliumque.

538 2010 706 2077 xxxin.

296 2095 324 2191 ll
346 2131 448 2193 furum
470 2133 584 2213 optime
604 2133 830 2193 balneariorum

295 2217 430 2278 Vibenni
450 2223 556 2305 pater,
579 2225 612 2277 ct
634 2216 761 2278 cinaede
779 2216 841 2296 fili,

295 2300 385 2378 (Nam
408 2299 515 2361 dextra
535 2309 625 2382 pater
645 2303 868 2381 inquinatiorc,
921 2316 924 2320 ’

294 2383 372 2446 (iulo
394 2384 475 2447 filius
497 2391 546 2445 est
565 2386 741 2464 vocacione)

31 2473 34 2480 '
149 2508 151 2512 ν
255 2468 357 2530 5Cur
377 2488 439 2527 non
459 2469 581 2529 exilium
602 2467 758 2548 malasque
779 2472 811 2528 in
834 2486 902 2527 oras

296 2553 365 2626 itis,
388 2552 635 2631 quandoquidem
655 2554 752 2632 patris
774 2553 899 2631 rapinae

295 2635 394 2695 Notae
414 2643 485 2696 sunt
505 2634 637 2716 populo,
659 2643 692 2697 et
712 2637 792 2696 natia
812 2634 927 2715 pilosae

296 2717 376 2798 Fili,
397 2739 460 2780 uon
478 2726 577 2801 potes¹
590 2739 657 2781 neec
678 2719 848 2783 venditare.
911 2744 919 2779 ι

523 2929 687 2996 XXXIV.

296 3016 417 3109 llianae
440 3067 541 3110 sumus
560 3051 591 3109 iu
611 3047 673 3108 fide

163 3136 167 3148 ’
296 3132 423 3195 Puellae
445 3140 478 3192 et
497 3135 586 3213 pueri
606 3135 736 3214 integri:

296 3218 430 3279 Dianam
447 3219 537 3295 pueri
557 3219 668 3298 integri

338 3300 527 3381 Puellaeque
551 3322 701 3362 canamus.

256 3397 271 3448 5
298 3386 323 3444 0
344 3387 488 3464 Latonia,
508 3389 628 3446 maximi

299 3471 418 3550 Magna.
430 3472 595 3552 progenies
616 3469 708 3547 lovis,

290 3748 410 3881 ,Ἰ
