2302 3922
124 238 165 303 14
504 241 697 297 raornnrn
979 241 1085 314 [mu.

225 403 270 467 Ee
290 402 385 466 modo
407 406 474 466 iam
495 401 603 465 bardas
624 356 753 466 funibus
775 402 821 466 ire
842 404 940 483 rates,

156 487 232 551 olli
251 507 363 551 nemus
384 486 469 550 unde
492 490 577 549 salas
598 486 744 549 intendat
765 486 883 549 vertice
904 486 1016 569 silvas,

225 569 367 655 Vrgebur
389 570 514 653 quantis
538 569 696 635 Caucasus
718 570 898 634 arboribus:

183 653 260 719 Non
280 657 389 717 tamen
409 656 472 717 isia
493 675 565 717 meo
587 654 713 717 valeant
734 653 925 717 contendere
947 655 1066 720 amori:

226 736 340 801 Nescib
361 740 462 802 Amor
482 737 609 822 magnis
631 737 740 800 cedere
762 736 890 801 divitiis.

183 820 268 886 Nam
290 821 355 885 sive
378 824 518 904 optatam
539 842 664 885 mecum
684 819 785 883 trabib
805 820 861 885 illa
882 820 1036 906 quietem,

135 918 168 966 ιο
225 903 287 969 Seu
308 905 395 969 facili
416 908 520 968 tolum
540 904 627 968 ducib
647 925 754 967 amore
776 904 859 968 diem

184 987 265 1051 Tum
286 988 365 1052 mihi
385 988 509 1052 Paoboli
529 988 661 1051 veniunt
682 989 740 1051 sub
762 989 847 1052 tecla
865 953 1021 1073 liquores,

228 1071 272 1136 Ec
292 1073 321 1136 le
348 1073 409 1136 ‘tur
429 1072 533 1135 rubris
554 1092 681 1156 gemma
702 1072 760 1135 sub
783 1072 986 1156 aequoribus:

185 1154 267 1219 Tum
288 1095 368 1220 mffii
390 1176 534 1219 cessuros
556 1155 716 1238 spondent
735 1176 806 1219 mea
832 1156 950 1252 gaudia
970 1177 1079 1240 reges:

226 1239 313 1315 Quae
334 1244 499 1322 maneant,
522 1239 597 1303 dum
618 1261 669 1303 me
690 1239 757 1304 faia
776 1261 880 1323 perrre
901 1240 1019 1304 volens

136 1335 168 1383 15
181 1321 266 1387 Nam
288 1323 358 1405 quis
380 1322 498 1387 dividiis
520 1323 651 1387 adverso
674 1323 792 1408 gaudet
812 1322 954 1388 Amore?

225 1405 324 1470 Nulla
343 1405 423 1468 mihi
443 1407 528 1469 inisti
571 1408 690 1470 raemia
711 1409 777 1471 sint
796 1407 930 1473 Venere.

184 1487 246 1552 llla
266 1490 374 1571 potest
394 1510 526 1572 magnas
548 1428 681 1552 deroum
702 1491 877 1574 infringere
899 1492 997 1572 vires,

225 1570 286 1636 Illa
307 1571 402 1634 eiiam
425 1571 511 1634 duris
531 1572 691 1635 mentibus
714 1593 783 1636 esse
805 1573 904 1638 dolor.

183 1653 244 1718 Illa
265 1647 368 1736 neque
388 1654 543 1717 Arabium
564 1655 679 1718 meluit
700 1656 922 1720 transcendere
943 1658 1056 1741 limen,

134 1751 168 1799 20
222 1737 292 1802 Nec
312 1736 406 1800 limet
426 1737 562 1818 ostrina,
584 1737 691 1820 Tulle,
716 1739 821 1802 subire
843 1742 914 1803 toro

183 1820 227 1885 n:
247 1820 399 1884 miserum
419 1823 488 1884 tolo
509 1821 655 1884 iuvenem
677 1842 801 1885 versare
823 1821 933 1885 cubili:

228 1904 311 1980 Quid
332 1905 475 1969 relevant
495 1903 590 1968 variis
613 1904 714 1969 serica
733 1904 917 1970 textilibus?

185 1989 271 2065 Quae
290 1987 369 2053 mihi
390 1989 464 2054 dum
486 1989 612 2072 placabo
632 1988 734 2053 aderit
740 2039 749 2071 ,
771 2010 838 2054 non
859 1990 925 2054 ulla
945 1991 1080 2057 verebor

227 2071 341 2158 Regna
362 2076 417 2138 aui
437 2073 566 2138 Alcinoi
587 2095 720 2138 munera
741 2074 910 2158 despicere.

522 2196 675 2207 ι---...

562 2288 640 2362 XV.

185 2409 245 2475 See
269 2429 286 2474 e
308 2428 368 2493 ego
390 2409 490 2473 mulia
509 2412 583 2473 tuae
604 2410 743 2474 levitatis
765 2409 844 2473 dura
864 2410 1024 2492 timebam,

261 2512 298 2556 ac
319 2495 428 2556 tamen
450 2496 597 2576 excepta,
621 2491 774 2576 Cynthia,
796 2494 936 2576 perfidia.

185 2577 232 2639 As
254 2576 305 2640 ice
325 2596 378 2638 me
399 2578 517 2657 quanto
539 2576 643 2658 rapiat
663 2577 791 2640 forluna
811 2577 946 2660 periclo:

296 2661 405 2721 lamen
426 2658 461 2721 in
483 2662 594 2723 nostro
617 2659 704 2723 lenia
724 2660 839 2724 timore
860 2660 964 2742 venis,

155 2739 230 2804 snt
250 2743 342 2822 poles
363 2739 530 2805 hesternos
551 2742 699 2805 manibus
721 2762 900 2824 conponere
922 2744 1025 2807 crines

225 2823 270 2888 E:
290 2822 390 2906 longa
410 2823 526 2887 faciem
547 2845 695 2907 quaerere
717 2823 851 2905 desidia,

185 2906 255 2972 Nec
276 2905 381 2969 minus
402 2905 480 2970 Eois
501 2910 612 2990 pectus
633 2906 754 2970 variare
775 2907 903 2990 lapillis,

225 2989 272 3054 Vr
291 2987 434 3053 formosa
453 3010 537 3054 novo
560 3011 639 3073 quae
660 2993 752 3072 paral
772 2990 818 3053 ire
840 2991 919 3056 viro.

186 3076 232 3138 A:
252 3093 319 3137 non
341 3072 386 3136 sie
408 3071 511 3136 Ibhaci
532 3073 676 3157 digressu
696 3077 784 3138 moia
806 3073 943 3158 Calypso

137 3170 168 3220 ro
224 3155 368 3221 Deseriis
390 3156 466 3220 olim
487 3156 617 3220 fleverat
637 3158 839 3240 aequoribus:

184 3240 304 3304 Multos
325 3238 383 3303 illa
404 3239 471 3304 dies
492 3239 663 3322 incomptis
684 3244 806 3305 maesia
828 3242 951 3326 capillis

228 3322 374 3406 Sederat,
395 3324 514 3388 iniusto
536 3324 637 3386 multa
658 3325 764 3390 loeula
785 3327 868 3410 salo,

184 3405 229 3470 Et
250 3407 393 3489 quamvis
413 3428 586 3489 numquam
604 3411 679 3491 posi
697 3408 775 3474 haec
789 3411 894 3474 visura
908 3410 1036 3475 dolebat

228 3488 290 3553 Illa
309 3493 419 3555 lamen
439 3490 556 3576 longae
578 3492 705 3556 conscia
726 3493 874 3560 laetitiae.

306 3845 392 3889 Α
