2302 3922
127 220 187 284 110
281 253 287 265 ·
509 225 702 281 PROPERTII
1000 227 1079 298 [vm

186 388 363 453 Lanuvium
384 388 497 452 annosi
518 391 608 453 vetus
630 391 680 453 esi
699 389 801 455 tutela
822 389 985 473 draconis,

228 472 290 537 Hic
311 473 366 536 ubi
387 476 454 536 iam
475 492 563 537 rarae
584 494 651 536 non
671 474 754 557 perii
775 473 854 538 hora
874 494 998 558 morae,

158 557 259 632 roua
280 578 369 621 sacer
390 557 546 640 abripitur
568 578 661 623 caeco
689 556 857 622 descensus
879 558 984 641 hiatu,

229 641 298 716 Qua
318 644 465 724 penetrat
487 640 602 726 (virgo,
624 642 689 706 tale
710 645 772 706 iter
793 663 886 706 omne
908 644 997 727 cave)

185 722 289 788 Ieiuni
310 726 466 808 serpentis
487 724 600 808 honos,
622 747 694 791 cum
715 726 833 809 pabula
853 727 958 809 poscit

228 810 346 872 Am1ua
368 812 400 873 et
422 830 460 873 ex
481 809 545 874 ima
560 809 653 873 sibila
674 813 802 894 torquet
822 810 929 874 humo.

186 891 276 956 Talia
297 893 452 958 demissae
473 894 596 977 pallent
616 894 655 957 ad
677 915 766 958 sacra
787 894 920 978 puellae,

138 989 170 1038 10
228 975 310 1042 Cum
330 981 448 1042 temere
471 978 610 1062 anguino
632 978 770 1042 creditu
791 998 845 1042 ore
867 999 990 1043 manus.

185 1059 245 1125 Ille
267 1062 328 1125 sibi
350 1062 491 1126 admotas
514 1083 533 1125 a
553 1062 677 1145 virgine
692 1062 825 1146 corripit
846 1084 948 1127 escas:

227 1144 372 1231 Virginis
393 1147 428 1209 in
449 1146 564 1229 palmis
586 1146 656 1229 ipsa
677 1146 815 1211 canistra
834 1148 985 1213 tremunt.

187 1227 220 1293 si
242 1229 362 1294 fuerint
383 1235 502 1314 castae,
525 1230 659 1295 redeunt
679 1230 715 1294 in
737 1231 819 1294 colla
839 1234 1017 1314 parentum,

228 1312 360 1379 Olaman
396 1336 436 1379 ue
458 1315 616 1412 agricolae
644 1314 770 1379 ‘fertilis
791 1336 892 1379 annus
915 1314 996 1378 erit?

137 1409 168 1459 15
183 1396 255 1462 Huc
276 1420 349 1463 mea
360 1317 512 1463 §eausa
534 1402 675 1464 evectast
695 1398 834 1482 Cynthia
854 1397 996 1462 mannis:

228 1480 331 1547 Causa
351 1482 413 1546 fuit
433 1482 524 1565 Iuno,
548 1483 603 1548 sed
625 1504 718 1568 mage
740 1503 835 1569 causa
854 1481 974 1548 Venus.

184 1565 236 1647 Ap
260 1566 291 1628 ia
312 1565 363 1629 dic
396 1586 523 1648 quaeso,
545 1570 699 1648 quantum
720 1570 753 1630 te
781 1569 863 1631 teste
883 1565 1080 1649 triumphum

225 1588 339 1732 &gerit
360 1613 467 1711 effusis
487 1669 545 1731 per
565 1651 621 1712 tua
641 1671 717 1713 saxa
737 1650 826 1745 rotis,

184 1730 300 1814 Turpis
321 1731 356 1794 in
377 1751 492 1795 arcana
514 1732 621 1796 sonuit
642 1753 715 1796 cum
735 1754 804 1795 rixa
824 1733 969 1815 iabema3

134 1828 168 1877 20
224 1813 258 1878 Si
280 1814 348 1878 sine
370 1836 431 1897 me,
452 1812 556 1879 famae
577 1836 645 1879 non
667 1815 735 1879 sine
756 1815 827 1878 labe
848 1837 945 1879 meae.

185 1897 385 1982 Spectaclum
406 1898 476 1983 ipsc
497 1899 610 1964 sedens
623 1899 726 1983 primo
749 1903 875 1964 temone
896 1897 1057 1983 pependit,

226 1984 313 2080 Ausa
333 2004 390 2067 per
407 1983 544 2132 &grurus
560 1984 656 2133 ligera
676 2004 816 2132 mortere11
817 1984 921 2132 ἐοὲἓεε

751 2091 773 2131 a

184 2066 640 2235 seffigulgassmillaeagosvocoilac
690 2089 780 2217 cellisa
801 2091 906 2236 ceges,

134 2248 167 2297 25
183 2235 243 2311 Qui
265 2236 354 2300 dabit
374 2237 546 2302 inmundae
560 2237 685 2303 venalia
698 2237 765 2301 fata
786 2237 925 2320 saginae,

225 2318 342 2385 Vincet
362 2320 417 2385 ubi
439 2341 544 2386 erasas
564 2321 663 2386 barba
683 2321 831 2405 pudenda
851 2340 960 2404 genas.

183 2403 264 2468 Cum
285 2405 376 2470 fieret
395 2407 507 2471 nostro
528 2405 647 2471 totiens
666 2405 781 2470 iniuria
801 2404 895 2488 lactc,

225 2488 350 2553 Mutato
373 2489 458 2553 volui
480 2492 583 2554 casira
602 2510 729 2554 movere
750 2492 832 2553 toro.

185 2571 309 2655 Phyllis
329 2573 510 2637 Aventinae
532 2573 716 2657 quaedamst
736 2574 840 2638 vicina
861 2572 992 2654 Dianae,

133 2667 167 2718 80
224 2656 337 2720 Sobria
357 2660 451 2742 grata
471 2679 597 2742 parum:
620 2679 692 2722 cum
714 2657 804 2741 bibit,
828 2678 921 2721 omne
943 2656 1044 2721 decet.

182 2740 294 2804 Altera
315 2739 468 2823 Tarpeios
490 2745 539 2807 esi
559 2743 643 2806 inter
664 2740 742 2806 Teia
762 2742 861 2823 lucos,

226 2822 379 2905 Candida,
404 2824 459 2888 sed
480 2829 575 2923 potae
596 2845 663 2889 non
684 2825 761 2889 sacis
782 2845 863 2888 unus
885 2823 956 2919 erit.

182 2906 243 2971 His
265 2928 282 2970 e
306 2927 325 2970 o
348 2908 499 2972 constitur
519 2913 647 2974 noctem
669 2909 767 2973 lenire
788 2909 909 2971 vocaus
915 2954 925 2989 ‚

224 2990 269 3056 Et
320 3012 413 3056 encre
434 2992 546 3076 ignota
566 2993 652 3058 furta
671 3012 788 3057 novare
809 3012 890 3055 mea.

133 3088 166 3137 35
182 3076 272 3141 Vnus
295 3079 362 3141 erat
375 3075 478 3139 tribus
499 3076 535 3139 in
556 3080 678 3141 secreta
697 3075 831 3140 lectulus
852 3075 960 3140 herba.

225 3160 356 3236 Quaeris
379 3159 587 3226 concubitus?
609 3160 693 3224 inter
714 3163 879 3243 utramque
899 3159 956 3223 fui.

182 3243 230 3329 Ly
253 3245 363 3309 damus
386 3244 426 3308 ad
448 3243 579 3330 cyathos
600 3244 736 3327 uitrique
758 3244 877 3308 aestiva
898 3243 1040 3327 supellex

181 3266 273 3477 iia
290 3328 508 3477 Maure
523 3327 765 3477 errice
780 3329 903 3494 aaa

215 3432 307 3477 1oes
344 3437 354 3477 1
377 3434 448 3478 rcen
469 3434 524 3478 era
537 3462 547 3495 ‚
569 3433 622 3476 cro
670 3434 696 3477 is
728 3435 739 3476 1
905 3461 914 3490 ,

133 3507 167 3556 40
222 3495 266 3560 Ei
287 3496 390 3561 facilis
413 3497 521 3583 spargi
541 3496 661 3562 munda
682 3497 750 3562 sino
772 3499 838 3561 arte
859 3516 941 3581 rosa,
