2302 3922
238 254 241 268 .
367 211 561 276 curuum
581 198 716 277 cunio
735 226 777 281 ou.
1011 218 1052 283 :u

296 383 390 442 Fama
409 382 598 465 Penelopeo.

252 518 394 581 Claudite
416 523 508 599 ostia,
528 524 678 600 virgines:

254 605 394 665 Lusimns
418 607 502 667 satis.
525 613 572 684 at,
594 608 686 665 bonci

251 690 422 767 Coniuges,
443 691 524 750 bene
544 691 637 750 vivite
660 697 693 749 et

174 781 227 836 230
247 774 380 834 Munere
401 773 523 834 assidue
543 773 698 834 valentem

292 857 447 918 Exercete
469 859 631 918 iuventam.

493 1107 602 1171 LXII.

465 1250 625 1299 IUVENES·

128 1313 259 1432 Vesper
276 1352 375 1432 adest,
396 1355 539 1431 invenes,
561 1356 752 1432 consurgite:
774 1354 896 1432 Vesper
917 1350 1049 1435 Olympo

129 1437 301 1517 Expectata
320 1439 374 1499 diu
394 1441 444 1500 vix
463 1439 588 1499 tandem
606 1438 720 1498 lumina
738 1435 831 1499 tollit.

131 1521 268 1599 Surgere
286 1524 346 1584 iam
365 1529 503 1604 tempus,
524 1525 584 1583 iam
604 1525 735 1602 pingues
754 1519 898 1599 linquere
919 1540 1049 1600 mensas,
1104 1533 1106 1536 ’

128 1605 193 1665 Iam
209 1608 316 1668 veniet
331 1610 433 1687 virgo,
453 1609 512 1668 iam
533 1607 654 1667 dicetur
674 1608 870 1686 hymenaeus.

87 1745 106 1796 5
170 1737 293 1815 Hymen
315 1756 333 1796 o
355 1737 552 1815 Hymenaee,
578 1734 701 1812 Hymen
721 1733 794 1795 ades
816 1753 834 1794 o
856 1733 1048 1813 Hymenaee!
1099 1788 1103 1795 .

457 1888 632 1937 VIRGINES.

132 2003 285 2082 cernitis,
305 2006 469 2085 innuptae,
491 1970 639 2064 iuvenes?
660 2005 836 2081 consurgite
858 2010 981 2069 coutraz

130 2089 280 2149 Nimirum
302 2089 435 2151 Oetaeos
457 2089 595 2150 ostendit
613 2089 747 2148 noctifer
768 2089 866 2166 ignes,

132 2172 184 2232 Sic
207 2180 339 2247 certest3
360 2173 453 2233 viden
473 2181 508 2233 ut
529 2174 701 2253 perniciter
723 2169 883 2231 exiluere?

108 2308 111 2313 .
130 2257 199 2316 Non
220 2263 339 2318 temere
364 2255 521 2335 exiluere,
543 2262 654 2317 canent
672 2256 750 2335 quod
770 2261 895 2319 vincere
915 2275 968 2335 pur
991 2264 1046 2315 est.

33 2424 36 2436 ·
70 2393 109 2443 10
169 2383 292 2462 Hymen
313 2403 331 2443 o
354 2383 549 2462 Hymenaee,
571 2383 693 2461 Hymen
711 2378 784 2440 ades
804 2399 821 2440 o
844 2379 1034 2458 Hymenaee!

466 2535 625 2583 IUVENES.

134 2620 208 2714 Non
227 2654 327 2717 facilis
348 2655 454 2733 nobis,
473 2654 635 2735 aequales,
656 2653 754 2736 palma
774 2663 882 2736 parata
899 2658 958 2731 est,

129 2737 308 2820 Adspicite,
326 2741 472 2819 innuptae
494 2758 597 2800 aecum
615 2745 649 2799 ut
666 2737 813 2800 meditata
832 2739 1004 2819 requirunt.

17 2888 20 2897 ‚
129 2823 200 2883 Non
213 2823 329 2885 frustra
343 2823 545 2901 meditantur,
559 2824 675 2884 habent
688 2821 885 2883 memorabile
901 2818 983 2902 qnod
996 2820 1047 2894 sit,

82 2902 85 2912 ’
129 2905 195 2966 Neo
212 2910 338 2986 mirum,
360 2909 483 2990 penitus
506 2926 583 2986 qnae
603 2914 669 2967 tota
689 2915 792 2967 mente
812 2904 964 2967 laborent.

61 3057 101 3110 15
127 3048 192 3106 Nos
214 3046 274 3107 ulio
297 3055 434 3125 mentes,
457 3048 517 3108 alio
540 3047 696 3107 divisimus
717 3063 817 3121 aures,

130 3129 201 3190 lure
221 3131 316 3210 igitur
336 3133 510 3209 vincemur,
532 3139 610 3198 amat
629 3132 758 3190 victoria
784 3149 895 3188 curam.

130 3214 233 3290 Quare
252 3234 333 3276 nuno
354 3217 470 3276 animos
488 3215 599 3276 saltem
620 3215 792 3274 conmittite
813 3219 943 3288 vestros,

108 3298 243 3391 ¹Dicere
263 3301 323 3359 iam
342 3301 507 3380 incipient,
529 3302 588 3360 iam
610 3298 802 3399 respondere
824 3295 958 3355 decebit.

134 3460 137 3465 -
170 3424 328 3507 Hymeno
349 3424 544 3529 Hymenaee,
565 3425 688 3503 Hymen
707 3423 780 3484 ades
801 3442 819 3482 o
839 3422 1027 3500 Hymenaee.
