2302 3922
122 225 168 291 40
507 226 700 283 Pnornnru
997 223 1094 296 [vm.

139 405 174 454 80
229 391 356 455 Arserit
377 392 408 452 et
430 388 556 485 quantis
578 390 684 484 nupta·
700 385 818 482 Creusa
838 386 940 450 malis.

188 474 326 539 Nullane
349 472 472 536 sedab1t
491 474 619 535 nostros
640 491 756 534 rmuna
776 469 889 534 fletus?

230 558 285 620 An
307 556 397 619 dolor
419 554 471 618 hio
494 555 579 618 vitiis
601 554 703 618 nesoit
725 554 834 618 abesse
855 553 940 616 tuis?

55 684 59 691 -
188 640 252 703 Tot
273 640 336 702 iam
358 639 463 702 abiere
485 636 567 735 dies,
590 659 661 702 oum
682 658 733 701 me
754 658 814 701 neo
836 658 911 702 eura
931 635 1047 699 theatri

230 721 299 786 Nee
321 722 429 806 tetigIt
452 721 580 804 Campi,
601 742 661 786 neo
682 742 753 785 mea
774 720 866 785 Musa
886 721 983 783 iuvat.

138 822 172 870 35
185 807 230 889 A,
252 805 370 889 pudeat
391 808 490 888 certe,
512 805 643 888 pudeat3
666 805 729 868 nisi
750 804 847 888 forte,
870 803 954 888 quod
977 803 1081 883 aiunt,

230 889 344 972 'lurpis
367 909 456 952 amor
477 888 578 951 surdis
602 888 729 951 auribus
751 909 819 951 esse
841 889 932 952 solet.

188 970 289 1037 (111111
311 972 439 1055 ducem,
468 971 563 1036 modo
586 972 640 1055 qui
661 972 790 1035 fremitu
812 970 972 1055 conplevit
992 967 1082 1032 inani

228 1056 322 1120 Aetia
343 1056 500 1119 damnatis
523 1076 659 1138 aequora
680 1055 844 1119 militibus,

186 1138 282 1203 Hune
303 1140 434 1203 insanus
457 1159 546 1202 amor
566 1139 666 1203 versis
688 1138 762 1202 dare
783 1141 874 1223 terga
896 1137 1011 1202 earinis

137 1235 172 1284 40
228 1223 325 1287 lussit
347 1227 379 1286 et
400 1226 539 1286 extremo
562 1243 711 1306 quaerere
732 1223 766 1286 in
788 1223 863 1286 orbe
884 1221 1004 1304 lugam.

188 1304 331 1371 Caesaris
353 1305 431 1370 haec
452 1307 553 1370 virtus
575 1309 607 1370 et
651 1306 731 1370 loria
752 1305 895 1370 Caesaris
917 1302 996 1367 haee
1018 1304 1081 1366 est:

229 1390 304 1471 Illa,
328 1390 501 1472 quamsit,
525 1390 619 1455 condi
644 1390 668 1452 't
688 1412 775 1453 arma
794 1411 901 1453 manu.

188 1472 251 1537 Sed
260 1493 411 1555 quoscum
433 1473 541 1536 uetiti
549 1477 661 1554 vestes,
669 1469 1082 1556 quoscumquesmaragdos

231 1555 357 1631 Quosve
379 1555 417 1618 de
443 1556 466 1617 't
486 1554 567 1618 flavo
590 1556 709 1619 lumine
732 1556 944 1639 chrysolithos
950 1603 959 1637 ,

137 1651 170 1700 45
186 1638 274 1701 Haeo
295 1637 418 1700 videam
439 1636 565 1720 rapidas
586 1639 622 1700 in
643 1659 759 1702 vanum
780 1640 862 1703 ferre
883 1638 1053 1721 procellas,

230 1720 316 1795 Quae
337 1720 399 1783 tibi
418 1723 517 1801 terra,
540 1720 649 1801 velim,
672 1742 751 1804 quae
773 1723 833 1785 tibi
854 1722 910 1784 fiat
931 1741 1020 1802 aqua.

190 1804 267 1869 Non
288 1824 413 1886 semper
433 1803 577 1886 placidus
598 1804 740 1887 periuros
762 1805 845 1868 ridet
865 1806 1007 1867 amantes

231 1886 374 1970 Iuppiter
396 1889 429 1950 11
449 1886 543 1949 surda
560 1887 704 1971 neglegit
725 1910 798 1952 aure
819 1909 940 1971 praeeo.

187 1970 322 2035 Vidistis
344 1973 412 2035 toto
436 1969 559 2034 sonitus
580 1992 762 2053 percurrere
784 1973 871 2037 eaelo

139 2068 174 2117 oo
230 2054 438 2138 Fulminaque
460 2053 600 2118 aetheria
621 2054 785 2119 desiluisse
807 2055 916 2119 domo:

187 2138 263 2202 Non
276 2136 356 2202 haee
370 2138 514 2202 Pleiades
529 2138 652 2202 faciunt
665 2160 767 2221 neque
782 2159 918 2223 aquosus
934 2136 1050 2218 Orion,

168 2246 170 2251 ·
229 2221 298 2287 Nee
319 2222 365 2285 sio
387 2221 426 2286 de
447 2221 549 2285 nihilo
571 2223 712 2286 numinis
734 2223 782 2286 ira
804 2223 899 2287 calet:

188 2305 335 2369 Periuras
356 2309 433 2369 tune
455 2306 509 2368 ille
532 2307 614 2369 solet
634 2306 747 2389 punire
768 2306 904 2390 puellae,

231 2388 391 2472 Deceptus
414 2389 563 2470 quoniam
584 2389 673 2452 flevit
694 2391 832 2472 etipse,
855 2389 940 2454 deus.

138 2484 173 2535 55
189 2472 291 2549 Quare
313 2493 354 2535 ne
376 2472 436 2535 tibi
458 2472 500 2534 sit
521 2473 603 2535 tanti
626 2471 756 2536 Sidonia
777 2473 890 2553 vestio,

232 2555 277 2620 Vt
298 2556 425 2638 timeas,
449 2555 595 2636 quotiens
617 2556 745 2621 nubilus
766 2557 884 2620 Auster
907 2556 976 2620 1111.

530 2696 682 2704 -----

474 2768 579 2840 vnn
606 2771 746 2862 [niun.

96 2886 98 2891 ’
190 2889 322 2953 Mentiri
343 2891 487 2970 noctem,
509 2891 674 2971 promissis
697 2889 809 2952 ducere
832 2889 1004 2967 amantem,
1040 2932 1042 2936 -

234 2971 305 3035 Hoc
327 2972 388 3035 erit
409 2971 542 3055 infectas
565 2974 719 3057 sanguine
741 2971 857 3035 habere
878 2991 999 3034 manus.

191 3055 316 3121 Horum
331 3075 390 3151 ego
407 3075 477 3118 sum
491 3059 579 3120 vates
587 3105 596 3139 ‚
611 3057 757 3139 quotiens
772 3055 913 3119 desertus
929 3073 1052 3117 amaras

234 3139 368 3224 Explevr
389 3141 516 3223 noctes,
539 3142 656 3204 stratus
677 3143 811 3223 utroque
833 3142 914 3203 toro.

163 3224 257 3289 oVel
277 3228 314 3288 tu
335 3223 488 3287 Tantalea
509 3245 654 3289 moveare
677 3225 715 3289 ad
736 3225 867 3288 flumina
888 3226 988 3305 sorte,

234 3307 280 3372 Vt
300 3308 325 3371 li
346 3329 405 3372 uor
427 3309 528 3371 arenti
549 3310 640 3372 fallat
661 3310 700 3373 ab
723 3329 777 3371 ore
799 3308 899 3389 sitim,

192 3391 255 3458 Vel
277 3396 314 3456 tu
359 3391 502 3474 isyphios
525 3393 600 3456 11011
621 3392 774 3456 admirere
795 3391 935 3474 labores,

235 3475 375 3540 Difficile
396 3479 433 3539 ut
453 3477 523 3540 toto
545 3480 654 3541 monte
678 3477 797 3542 volutet
818 3495 914 3539 onus:
