2302 3922
100 212 142 273 62
393 209 585 271 clinici
608 210 741 276 GARM.
761 223 802 277 69.

224 378 324 458 Saepe
345 380 436 439 etiam
458 378 549 456 luno,
567 381 695 439 maxima
717 379 914 459 caelicolum,

185 463 330 540 Coniugis
348 463 381 521 iu
399 460 489 540 culpa
505 463 685 540 flagrantem
707 463 899 542 quotidiano,

113 720 177 774 140*
208 712 362 788 *Nosccus
384 711 528 794 omnivoli
550 712 681 792 plurima
702 714 785 773 furtu
806 716 894 774 lovis.

182 798 239 874 At,
262 798 333 874 quia
350 816 409 856 nec
431 795 508 857 divis
529 798 669 857 homiues
692 800 871 877 componier
889 816 1020 877 aequum
1041 805 1101 873 est,

222 1047 376 1127 Ingratum
396 1047 524 1108 tremuli
544 1047 623 1108 tolle
644 1051 782 1128 parentis
800 1069 885 1110 onus.

181 1131 246 1191 Nec
268 1139 371 1192 tamen
392 1131 448 1192 illa
469 1133 545 1191 mihi
567 1131 677 1192 dextro
695 1132 827 1194 deducto
848 1140 978 1214 poterna

221 1216 424 1294 Fragrantem
446 1216 573 1294 Assyrio
593 1219 679 1276 venit
700 1217 796 1277 odore
819 1218 956 1295 domum,

108 1307 159 1362 145
180 1298 245 1359 Sed
263 1300 377 1359 furtivo
400 1299 488 1360 dedit
508 1300 585 1360 mira
606 1300 782 1362 munuscula
804 1307 914 1378 nocte,

222 1383 320 1462 Ipsius
341 1402 378 1443 ex
397 1385 465 1463 ipso
486 1381 609 1462 dempto
630 1386 688 1443 viri
708 1387 836 1462 gremio.

184 1469 285 1544 Quare
307 1465 387 1526 illud
405 1469 479 1527 satis
497 1472 562 1543 ert,
582 1468 609 1525 si
632 1468 721 1526 nobis
742 1470 769 1527 is
789 1468 878 1528 datur
897 1487 990 1545 unus,

162 1587 164 1590 >
224 1551 321 1626 Quem
340 1550 445 1630 lapide
465 1549 520 1610 illa
542 1549 623 1609 diem
645 1551 824 1611 candidiore
843 1558 939 1612 notat.

53 1698 56 1704 ¹
181 1635 250 1693 Hoc
269 1636 344 1712 tihi,
366 1635 448 1712 quod
468 1635 572 1714 potui,
594 1635 768 1694 confectum
791 1637 926 1695 carmine
947 1656 1055 1696 munus

110 1728 160 1780 150
220 1717 282 1776 Pro
305 1716 426 1796 multis,
450 1716 530 1795 Alli,
551 1715 695 1778 redditur
717 1719 844 1797 officiis,

181 1801 227 1861 Ne
247 1809 383 1862 vestrum
405 1804 513 1862 scabra
533 1807 640 1880 tangat
655 1803 797 1880 rubigine
823 1821 936 1862 nomeu

220 1885 306 1945 llaec
329 1893 420 1963 atque
441 1885 496 1946 illa
518 1883 586 1945 dies
608 1893 700 1964 atque
722 1885 782 1945 alia
803 1893 896 1964 atque
916 1885 985 1945 alia.

180 1969 250 2028 Huc
270 1967 386 2030 addent
406 1969 469 2030 dlvi
492 1969 749 2049 quamplurima,
774 1990 850 2047 quoe
873 1970 1001 2030 'l‘homis
1023 1966 1097 2055 olim

221 2055 366 2134 Antiquis
386 2053 478 2115 solita
499 2060 548 2114 est
568 2073 694 2114 munera
715 2054 801 2114 lerre
819 2056 895 2134 piis,

107 2145 158 2201 157
178 2137 221 2197 lit
243 2139 295 2216 qui
315 2140 468 2218 principio
490 2139 579 2198 nobis
601 2145 717 2199 terram
738 2138 827 2198 dedit
848 2145 972 2217 auctor,

149 2233 151 2238 ’
222 2223 249 2281 A
272 2242 332 2300 quo
349 2228 421 2283 suut
440 2224 539 2302 primo
562 2225 662 2284 omnia
681 2231 752 2283 nota
772 2225 863 2283 boua.

108 2316 158 2367 155
180 2304 255 2365 Sitis
277 2306 386 2367 felices
406 2315 438 2367 et
460 2313 495 2367 tu
517 2305 607 2366 simul
630 2313 663 2367 et
683 2313 736 2366 tua
756 2308 819 2366 vita

221 2390 262 2448 Et
284 2389 391 2451 domus
410 2392 494 2470 ipsa,
514 2391 547 2448 iu
567 2411 625 2468 quo
645 2389 772 2452 lusimus
795 2396 827 2449 et
846 2389 983 2467 domina,

108 2481 158 2534 159
178 2472 220 2532 lot
240 2471 334 2551 longo
356 2481 427 2533 aute
445 2491 550 2532 omues
573 2475 648 2533 mihi
670 2491 747 2552 quae
764 2491 813 2532 me
833 2476 933 2541 carior
949 2474 1018 2552 ipso
1037 2476 1096 2550 est,

221 2555 287 2616 Lux
307 2575 391 2635 mea,
413 2576 472 2635 qua
491 2558 558 2616 viva
578 2558 681 2617 vivere
704 2555 793 2616 dulce
815 2557 888 2616 mihi
911 2564 967 2617 est.

426 2741 432 2754 '
527 2759 654 2824 ιιιιιι.
765 2839 766 2844 Ν

180 2848 256 2942 Noli
278 2882 437 2961 admirari,
461 2890 556 2961 qua're
577 2882 634 2942 tibi
657 2882 772 2942 femina
793 2880 894 2959 nullo,

218 2967 314 3044 Rufe,
335 2966 410 3028 velit
431 2974 573 3026 tenerum
594 2967 790 3047 supposuisse
815 2965 933 3042 femur,

179 3050 248 3110 Nou
269 3052 296 3111 si
314 3049 400 3111 illam
421 3069 509 3110 rarae
529 3048 698 3112 labefactes
718 3067 845 3109 munere
865 3050 960 3120 vestis

221 3135 283 3195 Aut
303 3133 490 3214 perluciduli
510 3133 632 3194 deliciis
651 3133 773 3213 lapidis.

144 3228 160 3279 5
180 3216 291 3278 Laedit
310 3227 343 3278 te
367 3217 514 3298 quaedum
534 3215 613 3286 mala
634 3217 755 3295 fabula,
776 3235 833 3294 quo
852 3217 910 3278 tihi
931 3215 1034 3278 fertur

220 3301 310 3364 Valle
332 3305 387 3363 sub
408 3299 523 3362 alarum
544 3309 615 3360 trux
634 3302 774 3360 habitare
794 3319 896 3380 cuper.
1067 3311 1069 3315 ’

179 3387 270 3447 Hunc
284 3392 424 3446 metuunt
439 3405 553 3446 omues.
571 3403 672 3462 neque
687 3387 810 3444 mirum:
828 3404 897 3444 uam
910 3383 990 3445 malo
1005 3380 1096 3449 valdo

656 3474 703 3528 est

607 3712 668 3726 .-
