2302 3922
131 236 172 301 76
509 240 702 298 rnoenarn
1050 241 1096 314 [n

193 403 362 469 Persarum
383 402 496 467 statuit
515 403 682 487 Babylona
704 402 888 468 Semiramis
909 402 1036 485 urbem,

235 487 281 551 Vt
302 486 440 551 solidum
461 491 552 551 ooolo
573 488 702 552 tollerel
723 509 840 573 aggere
862 508 955 571 opus,

192 570 237 636 Et
257 571 320 635 duo
341 571 377 633 in
398 571 564 635 adversum
585 571 675 636 missi
696 592 753 655 per
774 572 902 635 moenia
923 590 1033 635 currus

234 654 285 719 Ne
307 658 440 738 possenl
459 657 545 719 tacto
568 656 725 739 siriugere
746 655 786 719 ab
808 676 867 718 axe
889 655 986 736 lalus,

143 751 176 800 25
191 736 292 802 Duxit
314 741 347 802 et
360 737 558 836 Euphratem
571 738 713 802 medium

234 820 388 919 Iussilet
407 843 541 906 imperio
564 823 702 918 subdere
718 738 973 918 hppgaorpssudtil
987 759 1092 919 {uffes'

192 904 277 970 Nam
299 905 375 989 quid
404 926 465 991 ego
491 905 621 989 heroas,
648 906 874 1054 ᾳωᾶᾶζαρῒθῖω
898 927 934 969 1n
958 926 1093 969 erimina

756 1011 824 1054 ivos

234 1072 380 1156 Iuppiter
400 1072 537 1138 infernal
557 1094 653 1157 seque
675 1095 826 1157 suamque
848 1073 985 1137 domum.

194 1156 292 1240 Quid,
313 1157 409 1222 modo
432 1177 512 1240 quae
533 1159 652 1222 nosluis
668 1158 839 1241 opprobria
852 1158 980 1221 vexerat
993 1157 1092 1220 armis

143 1254 177 1303 80
232 1240 277 1304 nt
297 1241 434 1305 famulos
455 1241 540 1306 inter
559 1241 681 1306 femina
700 1243 777 1307 luita
798 1263 871 1306 suos

194 1324 345 1409 Coniugii
366 1324 515 1389 obseaeni
536 1326 672 1409 pretium
693 1325 838 1390 Romana
859 1324 1007 1409 poposoil

233 1406 363 1472 Moenia
384 1410 416 1471 el
436 1408 579 1473 addictos
599 1411 635 1473 in
655 1431 713 1474 sua
733 1432 832 1495 regna
852 1409 973 1492 patres!

192 1490 299 1555 Noxia
319 1490 528 1573 Alexandria,
551 1491 633 1555 dolis
655 1514 674 1555 a
695 1494 818 1558 tissima
838 1494 949 1574 tellus,

236 1574 280 1636 Et
300 1573 419 1636 totiens
440 1577 551 1637 nostro
573 1574 682 1657 Memp
705 1577 717 1639 i
739 1578 869 1640 eruenla
889 1577 989 1657 malo,

143 1670 177 1718 85
192 1657 271 1720 Tres
292 1655 349 1720 ubi
369 1654 522 1737 Pompeio
544 1656 682 1721 demanii
701 1657 821 1722 harena
841 1656 1035 1739 triumphos!

234 1737 341 1802 Tollel
361 1738 452 1801 nulla
473 1739 540 1803 dies
562 1738 646 1803 hano
666 1740 742 1823 libi,
764 1741 880 1823 Roma,
902 1744 1022 1804 notam.

192 1822 299 1888 Issenl
319 1821 495 1906 Phlegraeo
517 1824 630 1888 melius
651 1824 711 1887 tibi
731 1824 845 1888 funera
867 1843 994 1906 eampo,

235 1905 298 1970 Vel
319 1909 374 1970 tua
395 1906 423 1970 si
445 1926 554 1971 socero
576 1908 659 1972 eolla
681 1908 809 1972 daronis
832 1930 910 1972 eras.

193 1990 322 2056 Soilieel
343 1990 458 2055 incesti
479 1992 629 2056 meretrix
649 1992 761 2077 regina
783 1992 908 2076 Canopi

144 2087 179 2136 ιο
237 2073 323 2160 (Vna
343 2074 512 2158 Philippeo
537 2076 692 2160 sanguine
713 2076 825 2140 aduste
845 2078 936 2162 nota)

192 2159 282 2223 Ausa
301 2157 372 2223 Iovi
392 2162 503 2223 nostro
524 2159 693 2225 latrantem
715 2181 876 2243 opponere
897 2160 1043 2243 Anubin,

234 2240 279 2305 Et
299 2242 441 2307 Tiberim
461 2242 531 2307 Nili
552 2265 666 2328 eogere
687 2244 769 2308 ferre
791 2245 911 2327 minas,

193 2325 434 2409 Romanamque
454 2326 564 2391 tubam
586 2328 755 2411 crepitanti
776 2328 894 2411 pellere
916 2328 1029 2411 sistro,

234 2409 370 2473 Baridos
392 2412 424 2474 et
445 2412 548 2474 eoniis
568 2414 673 2475 rostra
692 2411 833 2476 Liburna
854 2412 957 2495 sequi,

144 2506 178 2554 45
193 2491 361 2577 Foedaque
382 2493 518 2576 Tarpeio
541 2495 676 2577 conopia
695 2495 826 2560 tendere
849 2516 937 2577 saxo,

235 2576 310 2641 Iura
331 2577 407 2642 dare
427 2580 461 2641 et
481 2580 602 2641 statuas
623 2580 707 2643 inier
728 2582 761 2643 el
781 2601 869 2642 arma
890 2578 982 2642 Mari.

194 2660 278 2734 Quid
298 2682 384 2724 nune
405 2659 571 2744 Tarquinii
591 2662 708 2726 fractas
729 2663 817 2726 iuvat
838 2683 906 2726 esse
927 2683 1068 2745 secures,

235 2743 374 2808 Nomine
396 2765 490 2825 quem
512 2744 609 2807 simili
630 2746 696 2808 vila
717 2766 753 2808 su
777 2744 852 2807 erba
872 2747 977 2826 notat,

194 2825 228 2890 si
243 2825 357 2889 mulier
369 2826 520 2908 patienda
534 2827 617 2890 liiii?
639 2848 731 2909 cape,
746 2767 863 2908 §ome
878 2825 1090 2911 triumphum,

144 2922 178 2972 oo
233 2906 278 2972 El
298 2908 431 2991 longum
451 2909 599 2993 Augusto
622 2910 709 2973 salva
730 2929 858 2992 precare
880 2909 973 2973 diem.

193 2992 240 3057 Fu
267 2991 317 3055 'sii
338 2993 446 3054 lemen
467 2991 502 3054 in
523 2992 627 3055 limidi
648 3013 731 3088 vaga
751 2991 882 3056 flumina
902 2991 985 3059 Nili:

192 3077 493 3243 sorellae
512 3074 781 3224 lallare
794 3098 957 3244 lale,

235 3244 280 3309 Ei
299 3243 424 3308 trahere
446 3242 606 3307 oooulium
626 3244 769 3308 membra
790 3245 913 3328 soporis
935 3245 1004 3309 iter.

143 3340 177 3390 oe
193 3327 289 3393 ‘Non
311 3327 387 3410 hoe,
408 3326 526 3409 Roma,
548 3326 596 3390 fui
616 3330 708 3391 lanio
729 3328 790 3392 libi
811 3329 880 3393 eive
901 3329 1053 3393 verenda'

235 3411 327 3475 Dixit
348 3415 398 3475 ‘el
419 3410 551 3475 adsiduo
572 3410 684 3496 lingua
706 3412 831 3496 sepulta
851 3421 961 3476 mero!

193 3494 322 3581 Septem
337 3495 412 3560 urbs
427 3495 492 3559 alla
504 3495 605 3579 iugis,
624 3500 694 3560 toto
710 3517 790 3580 quae
806 3495 967 3580 praesidel
980 3494 1066 3580 orbi,
