<?xml version="1.0" encoding="UTF-8"?>
<!DOCTYPE html PUBLIC "-//W3C//DTD XHTML 1.0 Transitional//EN"
    "http://www.w3.org/TR/xhtml1/DTD/xhtml1-transitional.dtd">
<html xmlns="http://www.w3.org/1999/xhtml" xml:lang="en" lang="en">
 <head>
  <title>
</title>
<meta http-equiv="Content-Type" content="text/html;charset=utf-8" />
  <meta name='ocr-system' content='tesseract 3.04.00' />
  <meta name='ocr-capabilities' content='ocr_page ocr_carea ocr_par ocr_line ocrx_word'/>
</head>
<body>
  <div class='ocr_page' id='page_1' title='image "./qvaleriicatulli00catugoog_0051.png"; bbox 0 0 2302 3922; ppageno 0'>
   <div class='ocr_carea' id='block_1_1' title="bbox 94 230 136 293">
    <p class='ocr_par' dir='ltr' id='par_1_1' title="bbox 94 230 136 293">
     <span class='ocr_line' id='line_1_1' title="bbox 94 230 136 293; baseline 0 0"><span class='ocrx_word' id='word_1_1' title='bbox 94 230 136 293; x_wconf 77' lang='lat'>22</span> 
     </span>
    </p>
   </div>
   <div class='ocr_carea' id='block_1_2' title="bbox 257 180 859 320">
    <p class='ocr_par' dir='ltr' id='par_1_2' title="bbox 257 180 859 320">
     <span class='ocr_line' id='line_1_2' title="bbox 257 180 859 320; baseline -0.01 -33"><span class='ocrx_word' id='word_1_2' title='bbox 257 180 266 203; x_wconf 80' lang='lat'><em>&#39;</em></span> <span class='ocrx_word' id='word_1_3' title='bbox 333 223 522 320; x_wconf 74' lang='lat' dir='ltr'>eorunm</span> <span class='ocrx_word' id='word_1_4' title='bbox 544 221 678 284; x_wconf 74' lang='lat' dir='ltr'>carn.</span> <span class='ocrx_word' id='word_1_5' title='bbox 696 232 739 284; x_wconf 83' lang='lat'>40.</span> <span class='ocrx_word' id='word_1_6' title='bbox 755 231 799 284; x_wconf 81' lang='lat'>41.</span> <span class='ocrx_word' id='word_1_7' title='bbox 814 231 859 283; x_wconf 78' lang='lat'>42.</span> 
     </span>
    </p>
   </div>
   <div class='ocr_carea' id='block_1_3' title="bbox 167 388 972 469">
    <p class='ocr_par' dir='ltr' id='par_1_3' title="bbox 167 388 972 469">
     <span class='ocr_line' id='line_1_3' title="bbox 167 388 972 469; baseline -0.011 -12"><span class='ocrx_word' id='word_1_8' title='bbox 167 407 200 458; x_wconf 79' lang='lat'>15</span> <span class='ocrx_word' id='word_1_9' title='bbox 222 394 341 455; x_wconf 83' lang='lat' dir='ltr'>Tamen</span> <span class='ocrx_word' id='word_1_10' title='bbox 359 392 506 453; x_wconf 81' lang='lat' dir='ltr'>renidere</span> <span class='ocrx_word' id='word_1_11' title='bbox 528 408 766 469; x_wconf 83' lang='lat' dir='ltr'>usquequaque</span> <span class='ocrx_word' id='word_1_12' title='bbox 788 397 820 448; x_wconf 92' lang='lat' dir='ltr'>te</span> <span class='ocrx_word' id='word_1_13' title='bbox 840 388 972 449; x_wconf 86' lang='lat' dir='ltr'>nollem:</span> 
     </span>
    </p>
   </div>
   <div class='ocr_carea' id='block_1_4' title="bbox 146 472 920 556">
    <p class='ocr_par' dir='ltr' id='par_1_4' title="bbox 146 472 920 556">
     <span class='ocr_line' id='line_1_4' title="bbox 146 472 920 556; baseline -0.009 -17"><span class='ocrx_word' id='word_1_14' title='bbox 146 506 149 512; x_wconf 94' lang='lat'>·</span> <span class='ocrx_word' id='word_1_15' title='bbox 219 479 296 538; x_wconf 88' lang='lat' dir='ltr'>Nam</span> <span class='ocrx_word' id='word_1_16' title='bbox 316 479 381 537; x_wconf 88' lang='lat' dir='ltr'>risu</span> <span class='ocrx_word' id='word_1_17' title='bbox 401 479 507 556; x_wconf 89' lang='lat' dir='ltr'>inepto</span> <span class='ocrx_word' id='word_1_18' title='bbox 528 495 580 535; x_wconf 78' lang='lat' dir='ltr'>res</span> <span class='ocrx_word' id='word_1_19' title='bbox 600 475 737 555; x_wconf 85' lang='lat' dir='ltr'>ineptior</span> <span class='ocrx_word' id='word_1_20' title='bbox 754 472 841 534; x_wconf 88' lang='lat' dir='ltr'>nulla</span> <span class='ocrx_word' id='word_1_21' title='bbox 863 481 920 533; x_wconf 90' lang='lat' dir='ltr'>est.</span> 
     </span>
    </p>
   </div>
   <div class='ocr_carea' id='block_1_5' title="bbox 219 558 984 809">
    <p class='ocr_par' dir='ltr' id='par_1_5' title="bbox 219 558 984 809">
     <span class='ocr_line' id='line_1_5' title="bbox 219 558 913 635; baseline -0.009 -13"><span class='ocrx_word' id='word_1_22' title='bbox 219 563 307 622; x_wconf 89' lang='lat' dir='ltr'>Nunc</span> <span class='ocrx_word' id='word_1_23' title='bbox 331 560 471 621; x_wconf 72' lang='lat' dir='ltr'>Celtiber</span> <span class='ocrx_word' id='word_1_24' title='bbox 494 578 542 619; x_wconf 81' lang='lat' dir='ltr'>esa</span> <span class='ocrx_word' id='word_1_25' title='bbox 565 558 736 619; x_wconf 80' lang='lat' dir='ltr'>Celtiberia</span> <span class='ocrx_word' id='word_1_26' title='bbox 756 558 790 616; x_wconf 91' lang='lat' dir='ltr'>in</span> <span class='ocrx_word' id='word_1_27' title='bbox 811 564 913 635; x_wconf 87' lang='lat' dir='ltr'>terra,</span> 
     </span>
     <span class='ocr_line' id='line_1_6' title="bbox 223 641 984 724; baseline -0.005 -20"><span class='ocrx_word' id='word_1_28' title='bbox 223 645 312 723; x_wconf 76' lang='lat' dir='ltr'>Quod</span> <span class='ocrx_word' id='word_1_29' title='bbox 333 646 463 724; x_wconf 87' lang='lat' dir='ltr'>quisque</span> <span class='ocrx_word' id='word_1_30' title='bbox 484 644 608 721; x_wconf 76' lang='lat' dir='ltr'>minuit,⁴</span> <span class='ocrx_word' id='word_1_31' title='bbox 628 645 688 702; x_wconf 92' lang='lat' dir='ltr'>hoc</span> <span class='ocrx_word' id='word_1_32' title='bbox 710 642 770 701; x_wconf 77' lang='lat' dir='ltr'>sibi</span> <span class='ocrx_word' id='word_1_33' title='bbox 793 641 876 702; x_wconf 88' lang='lat' dir='ltr'>solet</span> <span class='ocrx_word' id='word_1_34' title='bbox 896 660 984 701; x_wconf 88' lang='lat' dir='ltr'>mane</span> 
     </span>
     <span class='ocr_line' id='line_1_7' title="bbox 220 726 966 809; baseline -0.008 -20"><span class='ocrx_word' id='word_1_35' title='bbox 220 730 351 791; x_wconf 87' lang='lat' dir='ltr'>Dentem</span> <span class='ocrx_word' id='word_1_36' title='bbox 373 734 465 809; x_wconf 89' lang='lat' dir='ltr'>atque</span> <span class='ocrx_word' id='word_1_37' title='bbox 487 748 604 788; x_wconf 88' lang='lat' dir='ltr'>russam</span> <span class='ocrx_word' id='word_1_38' title='bbox 625 726 780 786; x_wconf 77' lang='lat' dir='ltr'>defricare</span> <span class='ocrx_word' id='word_1_39' title='bbox 801 727 966 803; x_wconf 82' lang='lat' dir='ltr'>gingivam‚</span> 
     </span>
    </p>
   </div>
   <div class='ocr_carea' id='block_1_6' title="bbox 49 808 907 892">
    <p class='ocr_par' dir='ltr' id='par_1_6' title="bbox 49 808 907 892">
     <span class='ocr_line' id='line_1_8' title="bbox 49 808 907 892; baseline -0.009 -16"><span class='ocrx_word' id='word_1_40' title='bbox 49 870 50 875; x_wconf 73' lang='grc'>,</span> <span class='ocrx_word' id='word_1_41' title='bbox 166 825 201 876; x_wconf 79' lang='lat'>20</span> <span class='ocrx_word' id='word_1_42' title='bbox 221 816 264 874; x_wconf 91' lang='lat' dir='ltr'>Ut</span> <span class='ocrx_word' id='word_1_43' title='bbox 283 832 343 892; x_wconf 91' lang='lat' dir='ltr'>quo</span> <span class='ocrx_word' id='word_1_44' title='bbox 360 815 421 873; x_wconf 81' lang='lat' dir='ltr'>iste</span> <span class='ocrx_word' id='word_1_45' title='bbox 438 819 543 872; x_wconf 77' lang='lat' dir='ltr'>vester</span> <span class='ocrx_word' id='word_1_46' title='bbox 565 810 733 891; x_wconf 82' lang='lat' dir='ltr'>expolitior</span> <span class='ocrx_word' id='word_1_47' title='bbox 747 808 824 869; x_wconf 83' lang='lat' dir='ltr'>dens</span> <span class='ocrx_word' id='word_1_48' title='bbox 844 816 907 887; x_wconf 77' lang='lat' dir='ltr'>est,</span> 
     </span>
    </p>
   </div>
   <div class='ocr_carea' id='block_1_7' title="bbox 220 890 892 977">
    <p class='ocr_par' dir='ltr' id='par_1_7' title="bbox 220 890 892 977">
     <span class='ocr_line' id='line_1_9' title="bbox 220 890 892 977; baseline -0.007 -20"><span class='ocrx_word' id='word_1_49' title='bbox 220 898 288 958; x_wconf 89' lang='lat' dir='ltr'>Hoc</span> <span class='ocrx_word' id='word_1_50' title='bbox 305 903 338 957; x_wconf 93' lang='lat' dir='ltr'>te</span> <span class='ocrx_word' id='word_1_51' title='bbox 360 895 489 977; x_wconf 78' lang='lat' dir='ltr'>mplius</span> <span class='ocrx_word' id='word_1_52' title='bbox 511 897 626 956; x_wconf 80' lang='lat' dir='ltr'>bibisse</span> <span class='ocrx_word' id='word_1_53' title='bbox 644 892 805 974; x_wconf 86' lang='lat' dir='ltr'>praedicet</span> <span class='ocrx_word' id='word_1_54' title='bbox 824 890 892 952; x_wconf 91' lang='lat' dir='ltr'>loti.</span> 
     </span>
    </p>
   </div>
   <div class='ocr_carea' id='block_1_8' title="bbox 557 1101 643 1180">
    <p class='ocr_par' dir='ltr' id='par_1_8' title="bbox 557 1101 643 1180">
     <span class='ocr_line' id='line_1_10' title="bbox 557 1101 643 1180; baseline 0 0"><span class='ocrx_word' id='word_1_55' title='bbox 557 1101 643 1180; x_wconf 65' lang='lat' dir='ltr'>XL„</span> 
     </span>
    </p>
   </div>
   <div class='ocr_carea' id='block_1_9' title="bbox 187 1190 950 1638">
    <p class='ocr_par' dir='ltr' id='par_1_9' title="bbox 222 1190 950 1559">
     <span class='ocr_line' id='line_1_11' title="bbox 223 1190 950 1302; baseline -0.003 -18"><span class='ocrx_word' id='word_1_56' title='bbox 223 1190 381 1293; x_wconf 59' lang='lat' dir='ltr'>Quaenam</span> <span class='ocrx_word' id='word_1_57' title='bbox 402 1232 434 1283; x_wconf 89' lang='lat' dir='ltr'>te</span> <span class='ocrx_word' id='word_1_58' title='bbox 452 1222 530 1284; x_wconf 88' lang='lat' dir='ltr'>mala</span> <span class='ocrx_word' id='word_1_59' title='bbox 550 1243 653 1302; x_wconf 88' lang='lat' dir='ltr'>mens,</span> <span class='ocrx_word' id='word_1_60' title='bbox 675 1225 797 1285; x_wconf 85' lang='lat' dir='ltr'>miselle</span> <span class='ocrx_word' id='word_1_61' title='bbox 818 1223 950 1302; x_wconf 86' lang='lat' dir='ltr'>Ravide,</span> 
     </span>
     <span class='ocr_line' id='line_1_12' title="bbox 222 1308 834 1388; baseline 0 -21"><span class='ocrx_word' id='word_1_62' title='bbox 222 1309 297 1386; x_wconf 83' lang='lat' dir='ltr'>Agit</span> <span class='ocrx_word' id='word_1_63' title='bbox 317 1309 520 1388; x_wconf 88' lang='lat' dir='ltr'>praecipitem</span> <span class='ocrx_word' id='word_1_64' title='bbox 537 1308 570 1367; x_wconf 90' lang='lat' dir='ltr'>in</span> <span class='ocrx_word' id='word_1_65' title='bbox 591 1327 675 1368; x_wconf 85' lang='lat' dir='ltr'>meos</span> <span class='ocrx_word' id='word_1_66' title='bbox 697 1309 834 1369; x_wconf 73' lang='lat' dir='ltr'>iambos?</span> 
     </span>
     <span class='ocr_line' id='line_1_13' title="bbox 223 1391 841 1466; baseline 0.003 -16"><span class='ocrx_word' id='word_1_67' title='bbox 223 1392 298 1466; x_wconf 78' lang='lat' dir='ltr'>Quis</span> <span class='ocrx_word' id='word_1_68' title='bbox 320 1391 395 1451; x_wconf 89' lang='lat' dir='ltr'>deus</span> <span class='ocrx_word' id='word_1_69' title='bbox 416 1392 475 1450; x_wconf 90' lang='lat' dir='ltr'>tibi</span> <span class='ocrx_word' id='word_1_70' title='bbox 495 1411 558 1451; x_wconf 93' lang='lat' dir='ltr'>non</span> <span class='ocrx_word' id='word_1_71' title='bbox 576 1393 657 1450; x_wconf 90' lang='lat' dir='ltr'>bene</span> <span class='ocrx_word' id='word_1_72' title='bbox 679 1391 841 1452; x_wconf 88' lang='lat' dir='ltr'>advocatus</span> 
     </span>
     <span class='ocr_line' id='line_1_14' title="bbox 222 1475 793 1559; baseline -0.002 -24"><span class='ocrx_word' id='word_1_73' title='bbox 222 1475 397 1535; x_wconf 90' lang='lat' dir='ltr'>Vecordem</span> <span class='ocrx_word' id='word_1_74' title='bbox 414 1480 503 1559; x_wconf 90' lang='lat' dir='ltr'>parat</span> <span class='ocrx_word' id='word_1_75' title='bbox 522 1476 656 1534; x_wconf 67' lang='lat' dir='ltr'>excitare</span> <span class='ocrx_word' id='word_1_76' title='bbox 674 1477 793 1535; x_wconf 76' lang='lat' dir='ltr'>rixam?</span> 
     </span>
    </p>

    <p class='ocr_par' dir='ltr' id='par_1_10' title="bbox 187 1557 755 1638">
     <span class='ocr_line' id='line_1_15' title="bbox 187 1557 755 1638; baseline 0 -20"><span class='ocrx_word' id='word_1_77' title='bbox 187 1569 203 1618; x_wconf 84' lang='lat'>5</span> <span class='ocrx_word' id='word_1_78' title='bbox 223 1559 273 1617; x_wconf 86' lang='lat' dir='ltr'>An</span> <span class='ocrx_word' id='word_1_79' title='bbox 292 1566 326 1617; x_wconf 91' lang='lat' dir='ltr'>nt</span> <span class='ocrx_word' id='word_1_80' title='bbox 344 1559 506 1638; x_wconf 84' lang='lat' dir='ltr'>pervenias</span> <span class='ocrx_word' id='word_1_81' title='bbox 524 1560 558 1617; x_wconf 89' lang='lat' dir='ltr'>in</span> <span class='ocrx_word' id='word_1_82' title='bbox 580 1577 633 1617; x_wconf 89' lang='lat' dir='ltr'>ora</span> <span class='ocrx_word' id='word_1_83' title='bbox 651 1557 755 1636; x_wconf 74' lang='lat' dir='ltr'>vulgi?</span> 
     </span>
    </p>
   </div>
   <div class='ocr_carea' id='block_1_10' title="bbox 128 1641 915 1726">
    <p class='ocr_par' dir='ltr' id='par_1_11' title="bbox 128 1641 915 1726">
     <span class='ocr_line' id='line_1_16' title="bbox 128 1641 915 1726; baseline 0 -25"><span class='ocrx_word' id='word_1_84' title='bbox 128 1713 134 1726; x_wconf 32' lang='lat' dir='ltr'><em>l</em></span> <span class='ocrx_word' id='word_1_85' title='bbox 223 1641 392 1716; x_wconf 72' lang='lat' dir='ltr'>Quidvis?</span> <span class='ocrx_word' id='word_1_86' title='bbox 415 1662 475 1720; x_wconf 88' lang='lat' dir='ltr'>qua</span> <span class='ocrx_word' id='word_1_87' title='bbox 494 1641 582 1701; x_wconf 88' lang='lat' dir='ltr'>lubet</span> <span class='ocrx_word' id='word_1_88' title='bbox 603 1661 672 1702; x_wconf 89' lang='lat' dir='ltr'>esse</span> <span class='ocrx_word' id='word_1_89' title='bbox 694 1650 785 1703; x_wconf 86' lang='lat' dir='ltr'>notus</span> <span class='ocrx_word' id='word_1_90' title='bbox 806 1645 915 1725; x_wconf 71' lang='lat' dir='ltr'>optas?</span> 
     </span>
    </p>
   </div>
   <div class='ocr_carea' id='block_1_11' title="bbox 221 1725 825 1803">
    <p class='ocr_par' dir='ltr' id='par_1_12' title="bbox 221 1725 825 1803">
     <span class='ocr_line' id='line_1_17' title="bbox 221 1725 825 1803; baseline 0.007 -19"><span class='ocrx_word' id='word_1_91' title='bbox 221 1726 310 1802; x_wconf 80' lang='lat' dir='ltr'>Eris,</span> <span class='ocrx_word' id='word_1_92' title='bbox 331 1725 579 1803; x_wconf 87' lang='lat' dir='ltr'>quandoquidem</span> <span class='ocrx_word' id='word_1_93' title='bbox 598 1744 684 1785; x_wconf 90' lang='lat' dir='ltr'>meos</span> <span class='ocrx_word' id='word_1_94' title='bbox 706 1747 825 1788; x_wconf 89' lang='lat' dir='ltr'>amores</span> 
     </span>
    </p>
   </div>
   <div class='ocr_carea' id='block_1_12' title="bbox 113 1808 806 1895">
    <p class='ocr_par' dir='ltr' id='par_1_13' title="bbox 113 1808 806 1895">
     <span class='ocr_line' id='line_1_18' title="bbox 113 1808 806 1895; baseline 0.007 -28"><span class='ocrx_word' id='word_1_95' title='bbox 113 1892 114 1895; x_wconf 7' lang='grc' dir='ltr'><strong>Ἴ</strong></span> <span class='ocrx_word' id='word_1_96' title='bbox 223 1809 300 1868; x_wconf 81' lang='lat' dir='ltr'>Cum</span> <span class='ocrx_word' id='word_1_97' title='bbox 320 1809 413 1887; x_wconf 84' lang='lat' dir='ltr'>longa</span> <span class='ocrx_word' id='word_1_98' title='bbox 433 1808 556 1869; x_wconf 88' lang='lat' dir='ltr'>voluisti</span> <span class='ocrx_word' id='word_1_99' title='bbox 576 1828 677 1869; x_wconf 88' lang='lat' dir='ltr'>amare</span> <span class='ocrx_word' id='word_1_100' title='bbox 698 1830 806 1889; x_wconf 90' lang='lat' dir='ltr'>poena.</span> 
     </span>
    </p>
   </div>
   <div class='ocr_carea' id='block_1_13' title="bbox 550 2017 640 2083">
    <p class='ocr_par' dir='ltr' id='par_1_14' title="bbox 550 2017 640 2083">
     <span class='ocr_line' id='line_1_19' title="bbox 550 2017 640 2083; baseline -0.011 0"><span class='ocrx_word' id='word_1_101' title='bbox 550 2017 640 2083; x_wconf 84' lang='lat' dir='ltr'>XLI.</span> 
     </span>
    </p>
   </div>
   <div class='ocr_carea' id='block_1_14' title="bbox 169 2102 868 2800">
    <p class='ocr_par' dir='ltr' id='par_1_15' title="bbox 214 2102 651 2214">
     <span class='ocr_line' id='line_1_20' title="bbox 214 2102 651 2214; baseline 0.011 -21"><span class='ocrx_word' id='word_1_102' title='bbox 214 2102 363 2202; x_wconf 66' lang='lat' dir='ltr'>¹ldmeana</span> <span class='ocrx_word' id='word_1_103' title='bbox 383 2132 489 2214; x_wconf 90' lang='lat' dir='ltr'>puella</span> <span class='ocrx_word' id='word_1_104' title='bbox 510 2135 651 2199; x_wconf 82' lang='lat' dir='ltr'>defututa</span> 
     </span>
    </p>

    <p class='ocr_par' dir='ltr' id='par_1_16' title="bbox 169 2219 783 2304">
     <span class='ocr_line' id='line_1_21' title="bbox 169 2219 783 2304; baseline 0.002 -22"><span class='ocrx_word' id='word_1_105' title='bbox 169 2233 172 2240; x_wconf 90' lang='grc'><strong>’</strong></span> <span class='ocrx_word' id='word_1_106' title='bbox 224 2220 305 2283; x_wconf 87' lang='lat' dir='ltr'>Tota</span> <span class='ocrx_word' id='word_1_107' title='bbox 325 2219 409 2280; x_wconf 85' lang='lat' dir='ltr'>milia</span> <span class='ocrx_word' id='word_1_108' title='bbox 428 2239 477 2280; x_wconf 92' lang='lat' dir='ltr'>me</span> <span class='ocrx_word' id='word_1_109' title='bbox 499 2220 606 2282; x_wconf 91' lang='lat' dir='ltr'>decem</span> <span class='ocrx_word' id='word_1_110' title='bbox 626 2223 783 2304; x_wconf 82' lang='lat' dir='ltr'>poposcit,</span> 
     </span>
    </p>

    <p class='ocr_par' dir='ltr' id='par_1_17' title="bbox 189 2304 707 2451">
     <span class='ocr_line' id='line_1_22' title="bbox 189 2304 696 2385; baseline 0.006 -22"><span class='ocrx_word' id='word_1_111' title='bbox 189 2329 191 2333; x_wconf 94' lang='lat'>·</span> <span class='ocrx_word' id='word_1_112' title='bbox 223 2305 285 2363; x_wconf 89' lang='lat' dir='ltr'>Ista</span> <span class='ocrx_word' id='word_1_113' title='bbox 305 2304 459 2384; x_wconf 88' lang='lat' dir='ltr'>turpiculo</span> <span class='ocrx_word' id='word_1_114' title='bbox 481 2304 585 2385; x_wconf 89' lang='lat' dir='ltr'>puella</span> <span class='ocrx_word' id='word_1_115' title='bbox 606 2326 696 2384; x_wconf 79' lang='lat' dir='ltr'>naso,</span> 
     </span>
     <span class='ocr_line' id='line_1_23' title="bbox 222 2388 707 2451; baseline 0.008 -4"><span class='ocrx_word' id='word_1_116' title='bbox 222 2388 404 2448; x_wconf 85' lang='lat' dir='ltr'>Deco&#39;ctoris</span> <span class='ocrx_word' id='word_1_117' title='bbox 426 2390 521 2448; x_wconf 82' lang='lat' dir='ltr'>amic&#39;a</span> <span class='ocrx_word' id='word_1_118' title='bbox 541 2389 707 2451; x_wconf 85' lang='lat' dir='ltr'>Formiani.</span> 
     </span>
    </p>

    <p class='ocr_par' dir='ltr' id='par_1_18' title="bbox 186 2471 868 2800">
     <span class='ocr_line' id='line_1_24' title="bbox 186 2471 868 2553; baseline 0.001 -22"><span class='ocrx_word' id='word_1_119' title='bbox 186 2482 202 2531; x_wconf 85' lang='lat'>5</span> <span class='ocrx_word' id='word_1_120' title='bbox 220 2473 409 2550; x_wconf 85' lang='lat' dir='ltr'>Propinqui,</span> <span class='ocrx_word' id='word_1_121' title='bbox 433 2473 542 2550; x_wconf 87' lang='lat' dir='ltr'>quibus</span> <span class='ocrx_word' id='word_1_122' title='bbox 565 2478 613 2532; x_wconf 79' lang='lat' dir='ltr'>est</span> <span class='ocrx_word' id='word_1_123' title='bbox 633 2471 739 2553; x_wconf 89' lang='lat' dir='ltr'>puella</span> <span class='ocrx_word' id='word_1_124' title='bbox 760 2491 868 2551; x_wconf 85' lang='lat' dir='ltr'>curae,</span> 
     </span>
     <span class='ocr_line' id='line_1_25' title="bbox 222 2552 764 2634; baseline -0.002 -20"><span class='ocrx_word' id='word_1_125' title='bbox 222 2555 346 2614; x_wconf 85' lang='lat' dir='ltr'>Amicos</span> <span class='ocrx_word' id='word_1_126' title='bbox 367 2552 565 2634; x_wconf 91' lang='lat' dir='ltr'>medicosque</span> <span class='ocrx_word' id='word_1_127' title='bbox 584 2562 764 2616; x_wconf 87' lang='lat' dir='ltr'>convocate:</span> 
     </span>
     <span class='ocr_line' id='line_1_26' title="bbox 220 2638 813 2717; baseline 0.003 -21"><span class='ocrx_word' id='word_1_128' title='bbox 220 2638 290 2696; x_wconf 90' lang='lat' dir='ltr'>Non</span> <span class='ocrx_word' id='word_1_129' title='bbox 309 2644 357 2697; x_wconf 90' lang='lat' dir='ltr'>est</span> <span class='ocrx_word' id='word_1_130' title='bbox 377 2657 449 2697; x_wconf 88' lang='lat' dir='ltr'>sana</span> <span class='ocrx_word' id='word_1_131' title='bbox 470 2638 583 2717; x_wconf 66' lang='lat' dir='ltr'>puella</span> <span class='ocrx_word' id='word_1_132' title='bbox 611 2658 670 2699; x_wconf 91' lang='lat' dir='ltr'>nec</span> <span class='ocrx_word' id='word_1_133' title='bbox 691 2646 813 2717; x_wconf 87' lang='lat' dir='ltr'>rogate,</span> 
     </span>
     <span class='ocr_line' id='line_1_27' title="bbox 222 2716 827 2800; baseline 0.005 -21"><span class='ocrx_word' id='word_1_134' title='bbox 222 2716 329 2797; x_wconf 81' lang='lat' dir='ltr'>Qualis</span> <span class='ocrx_word' id='word_1_135' title='bbox 350 2722 406 2780; x_wconf 85' lang='lat' dir='ltr'>sit:</span> <span class='ocrx_word' id='word_1_136' title='bbox 428 2719 445 2756; x_wconf 84' lang='lat'>*</span> <span class='ocrx_word' id='word_1_137' title='bbox 466 2721 548 2781; x_wconf 90' lang='lat' dir='ltr'>solet</span> <span class='ocrx_word' id='word_1_138' title='bbox 566 2729 599 2782; x_wconf 92' lang='lat' dir='ltr'>et</span> <span class='ocrx_word' id='word_1_139' title='bbox 620 2723 827 2800; x_wconf 83' lang='lat' dir='ltr'>imagiuosum.</span> 
     </span>
    </p>
   </div>
   <div class='ocr_carea' id='block_1_15' title="bbox 540 2931 648 2998">
    <p class='ocr_par' dir='ltr' id='par_1_19' title="bbox 540 2931 648 2998">
     <span class='ocr_line' id='line_1_28' title="bbox 540 2931 648 2998; baseline 0 -3"><span class='ocrx_word' id='word_1_140' title='bbox 540 2931 648 2998; x_wconf 88' lang='lat' dir='ltr'>XLII.</span> 
     </span>
    </p>
   </div>
   <div class='ocr_carea' id='block_1_16' title="bbox 221 3015 914 3302">
    <p class='ocr_par' dir='ltr' id='par_1_20' title="bbox 221 3015 914 3302">
     <span class='ocr_line' id='line_1_29' title="bbox 221 3015 844 3131; baseline 0.006 -23"><span class='ocrx_word' id='word_1_141' title='bbox 221 3015 361 3128; x_wconf 71' lang='lat' dir='ltr'>Adeste,</span> <span class='ocrx_word' id='word_1_142' title='bbox 380 3048 650 3130; x_wconf 77' lang='lat' dir='ltr'>hendecasyllabi,</span> <span class='ocrx_word' id='word_1_143' title='bbox 673 3059 749 3131; x_wconf 90' lang='lat' dir='ltr'>quot</span> <span class='ocrx_word' id='word_1_144' title='bbox 770 3053 844 3112; x_wconf 89' lang='lat' dir='ltr'>estis</span> 
     </span>
     <span class='ocr_line' id='line_1_30' title="bbox 222 3132 914 3214; baseline 0.001 -20"><span class='ocrx_word' id='word_1_145' title='bbox 222 3134 337 3194; x_wconf 87' lang='lat' dir='ltr'>Omnes</span> <span class='ocrx_word' id='word_1_146' title='bbox 359 3132 513 3213; x_wconf 82' lang='lat' dir='ltr'>undique,</span> <span class='ocrx_word' id='word_1_147' title='bbox 533 3142 683 3214; x_wconf 85' lang='lat' dir='ltr'>quotquot</span> <span class='ocrx_word' id='word_1_148' title='bbox 705 3136 780 3196; x_wconf 81' lang='lat' dir='ltr'>estis</span> <span class='ocrx_word' id='word_1_149' title='bbox 800 3155 914 3198; x_wconf 86' lang='lat' dir='ltr'>omncs.</span> 
     </span>
     <span class='ocr_line' id='line_1_31' title="bbox 221 3217 860 3302; baseline 0.005 -26"><span class='ocrx_word' id='word_1_150' title='bbox 221 3217 324 3278; x_wconf 92' lang='lat' dir='ltr'>locum</span> <span class='ocrx_word' id='word_1_151' title='bbox 345 3236 394 3278; x_wconf 91' lang='lat' dir='ltr'>me</span> <span class='ocrx_word' id='word_1_152' title='bbox 415 3226 504 3298; x_wconf 73' lang='lat' dir='ltr'>putat</span> <span class='ocrx_word' id='word_1_153' title='bbox 525 3238 593 3279; x_wconf 88' lang='lat' dir='ltr'>esse</span> <span class='ocrx_word' id='word_1_154' title='bbox 613 3221 741 3279; x_wconf 89' lang='lat' dir='ltr'>moecba</span> <span class='ocrx_word' id='word_1_155' title='bbox 761 3222 860 3302; x_wconf 83' lang='lat' dir='ltr'>turpis</span> 
     </span>
    </p>
   </div>
   <div class='ocr_carea' id='block_1_17' title="bbox 142 3301 807 3381">
    <p class='ocr_par' dir='ltr' id='par_1_21' title="bbox 142 3301 807 3381">
     <span class='ocr_line' id='line_1_32' title="bbox 142 3301 807 3381; baseline 0.006 -22"><span class='ocrx_word' id='word_1_156' title='bbox 142 3341 145 3347; x_wconf 85' lang='lat'><strong>.</strong></span> <span class='ocrx_word' id='word_1_157' title='bbox 221 3301 264 3360; x_wconf 77' lang='lat' dir='ltr'>nt</span> <span class='ocrx_word' id='word_1_158' title='bbox 284 3308 377 3381; x_wconf 83' lang='lat' dir='ltr'>negat</span> <span class='ocrx_word' id='word_1_159' title='bbox 395 3303 470 3361; x_wconf 90' lang='lat' dir='ltr'>mihi</span> <span class='ocrx_word' id='word_1_160' title='bbox 490 3311 597 3363; x_wconf 89' lang='lat' dir='ltr'>nostra</span> <span class='ocrx_word' id='word_1_161' title='bbox 615 3302 807 3364; x_wconf 88' lang='lat' dir='ltr'>reddituram</span> 
     </span>
    </p>
   </div>
   <div class='ocr_carea' id='block_1_18' title="bbox 185 3383 841 3552">
    <p class='ocr_par' dir='ltr' id='par_1_22' title="bbox 185 3383 841 3552">
     <span class='ocr_line' id='line_1_33' title="bbox 185 3383 704 3468; baseline 0.01 -25"><span class='ocrx_word' id='word_1_162' title='bbox 185 3394 202 3444; x_wconf 84' lang='lat'><strong>5</strong></span> <span class='ocrx_word' id='word_1_163' title='bbox 222 3383 408 3464; x_wconf 63' lang='lat' dir='ltr'>Pugillares,</span> <span class='ocrx_word' id='word_1_164' title='bbox 430 3387 457 3447; x_wconf 91' lang='lat' dir='ltr'>si</span> <span class='ocrx_word' id='word_1_165' title='bbox 477 3390 542 3466; x_wconf 89' lang='lat' dir='ltr'>pati</span> <span class='ocrx_word' id='word_1_166' title='bbox 562 3389 704 3468; x_wconf 84' lang='lat' dir='ltr'>potestis.</span> 
     </span>
     <span class='ocr_line' id='line_1_34' title="bbox 220 3467 841 3552; baseline 0.013 -25"><span class='ocrx_word' id='word_1_167' title='bbox 220 3467 447 3550; x_wconf 83' lang='lat' dir='ltr'>Persequamur</span> <span class='ocrx_word' id='word_1_168' title='bbox 467 3489 552 3550; x_wconf 85' lang='lat' dir='ltr'>eam,</span> <span class='ocrx_word' id='word_1_169' title='bbox 572 3478 605 3532; x_wconf 90' lang='lat' dir='ltr'>et</span> <span class='ocrx_word' id='word_1_170' title='bbox 625 3473 841 3552; x_wconf 83' lang='lat' dir='ltr'>reflagiternus.</span> 
     </span>
    </p>
   </div>
   <div class='ocr_carea' id='block_1_19' title="bbox 327 3650 430 3730">
    <p class='ocr_par' dir='ltr' id='par_1_23' title="bbox 327 3650 430 3743">
     <span class='ocr_line' id='line_1_35' title="bbox 327 3650 430 3730; baseline 0 -13"><span class='ocrx_word' id='word_1_171' title='bbox 327 3650 430 3730; x_wconf 67' lang='lat' dir='ltr'>n</span> 
     </span>
    </p>
   </div>
   <div class='ocr_carea' id='block_1_20' title="bbox 0 0 1156 3922">
    <p class='ocr_par' dir='ltr' id='par_1_24' title="bbox 0 0 1156 3922">
     <span class='ocr_line' id='line_1_36' title="bbox 0 0 1156 3922; baseline 0 0"><span class='ocrx_word' id='word_1_172' title='bbox 0 0 1156 3922; x_wconf 95' lang='lat' dir='ltr'> </span> 
     </span>
    </p>
   </div>
  </div>
 </body>
</html>
