2302 3922
329 194 520 262 οιιιιιιι
542 196 676 258 canu.
698 203 801 263 aras
894 162 905 191 ⁸
1021 198 1063 265 ιι

148 364 257 426 Puella
276 384 346 425 nam
369 366 426 442 ml,
449 383 526 443 qnae
547 384 616 425 mco
637 367 705 426 siun
726 367 822 445 fugit,
877 414 879 421 .

148 451 257 509 Amata
277 455 395 510 tantum
418 456 564 528 quantum
584 452 734 511 amabitur
754 449 856 527 nulla,

145 521 211 593 Pro
233 553 292 612 qna
312 534 387 592 mihi
409 538 479 591 sunt
499 552 605 611 magna
626 533 710 594 bella
727 535 876 615 pugnata,

150 615 300 678 Consedit
318 617 399 676 istic.
421 617 501 675 banc
521 618 596 676 boui
615 618 761 697 beatique

92 713 125 764 15
148 701 263 766 Omnes
282 701 404 776 amatis,
427 707 460 760 et
481 699 621 778 quidem,
643 701 726 781 quod
744 700 903 808 indignum
924 708 987 779 est,

140 786 264 845 Omnes
284 781 392 864 pusilli
412 792 444 844 et
462 786 611 845 semitarii
632 787 811 860 moechi,

150 868 199 928 'l'u
219 875 353 948 praeter
367 886 473 927 omnes
493 888 553 929 une
573 868 613 928 de
633 864 800 948 capiIlatia,

149 951 351 1012 cuniculosae
374 950 565 1013 Celtiberiae
586 951 631 1012 fili

149 1037 278 1115 Egnati,
300 1055 395 1116 opaca
416 1053 507 1114 quem
528 1038 641 1096 bonum
663 1036 739 1096 iacit
758 1037 852 1096 barba

58 1113 67 1134 ⁸
94 1130 130 1182 ιο
151 1121 192 1181 Et
214 1118 291 1180 dens
310 1120 429 1181 Hibera
451 1117 618 1180 defricatus
638 1122 736 1180 uulua.
830 1176 834 1182 .

465 1327 664 1392 XXXVIII

149 1411 283 1523 Maleat,
306 1447 471 1523 Cornifici,
494 1445 546 1508 tdo
570 1447 706 1527 (latullo,
818 1486 821 1489 ,

97 1526 281 1607 Malest,
303 1548 353 1590 me
374 1531 517 1592 hercule!
539 1538 572 1592 et
592 1531 805 1611 laboriose,

148 1614 191 1673 Et
211 1614 306 1692 megla
327 1616 423 1692 magis
443 1617 476 1674 in
495 1615 561 1674 dies
582 1625 615 1677 et
635 1616 737 1677 horas

149 1697 248 1776 Quem
268 1705 319 1776 tu,
342 1698 424 1776 quod
441 1697 598 1760 minimum
617 1699 859 1780 facillimumque
881 1709 945 1779 est,

40 1810 43 1814 ·
112 1795 129 1845 5
152 1784 218 1858 Qua
239 1781 354 1843 solatus
375 1801 409 1842 ea
430 1781 638 1844 allocutIonel

149 1868 269 1927 Irascor
289 1869 356 1927 tibi.
385 1867 429 1927 sic
448 1886 533 1926 meos
552 1869 692 1928 umores?

149 1949 278 2011 Paulum
299 1949 374 2030 quid
393 1950 482 2011 lubet
502 1950 710 2029 allocutionis,

149 2035 299 2095 Maestiua
319 2032 456 2095 lacrImr'a
478 2034 672 2096 Simonideis.
692 2077 713 2110 .·

484 2242 651 2307 XXXIX.

150 2330 319 2441 Egnatius,
343 2360 426 2439 quod
448 2359 594 2422 candidos
615 2359 711 2422 babet
732 2357 857 2438 dentes,

152 2444 287 2508 Renidet
307 2464 405 2524 usque
425 2464 555 2525 quaque.
584 2445 629 2504 sei
651 2442 690 2504 ad
708 2445 754 2504 rei
776 2450 899 2504 ventum
921 2449 970 2503 est

153 2527 358 2606 Subsellium,
377 2548 445 2590 cum
466 2536 572 2608 orator
593 2529 707 2588 excitat
725 2529 848 2606 fletum,

151 2610 287 2675 lienidet
306 2611 375 2673 ille.
403 2614 430 2673 ai
451 2611 491 2673 ad
507 2614 552 2693 pii
571 2631 678 2690 rogum
698 2611 746 2672 ffli

116 2708 133 2760 5
155 2699 308 2776 Lugetur,
329 2698 405 2758 orba
424 2717 493 2757 cum
511 2698 568 2757 flet
588 2697 711 2757 unicum
733 2703 846 2775 mater,
996 2750 1000 2762 ,

151 2778 287 2842 Renidet
306 2779 372 2844 ille.
402 2779 549 2861 quitquid
570 2788 619 2840 eat
624 2783 829 2860 ,ubicunque
852 2785 916 2858 eat,
997 2827 999 2829 -

153 2862 364 2943 Quodcunque
386 2867 472 2944 agit,
485 2863 620 2926 renidet.
655 2867 737 2926 hunc
757 2867 851 2926 habet
870 2865 1026 2942 morbum,

152 2949 261 3028 Neque
283 2946 473 3029 elegantem,
495 2957 530 3009 nt
547 2951 699 3029 arbItror,
720 2969 821 3030 neque
842 2949 999 3008 urbanum.

154 3034 257 3110 Quare
278 3032 463 3094 monendum
482 3040 515 3093 te
537 3039 587 3093 est
606 3034 697 3111 mibi,
716 3034 797 3093 bone
815 3029 936 3109 Egnati.

65 3180 68 3186 ⁴
100 3129 136 3182 10
156 3118 191 3179 Si
212 3117 347 3177 urbanus
368 3136 452 3178 esces
474 3125 526 3177 aut
547 3117 677 3177 Sabinus
699 3124 752 3177 aut
770 3116 885 3176 Tiburs

153 3203 217 3262 Aut
235 3221 347 3281 parcus
367 3203 485 3263 Umber
505 3208 558 3262 aut
579 3202 690 3262 obesus
708 3201 857 3262 Etruscus

135 3286 217 3347 Aut
235 3285 410 3346 Lanuvinus
431 3291 498 3345 ater
519 3292 612 3365 atque
633 3285 776 3345 dentatus

153 3371 217 3431 Aut
238 3364 492 3449 Transpadanus,
514 3376 550 3429 ut
569 3386 655 3428 meos
677 3384 799 3448 quoque
822 3367 984 3444 attIngam,

152 3456 217 3514 Aut
237 3455 290 3533 qui
307 3451 412 3532 lubet,
434 3455 487 3533 qui
505 3454 628 3534 pariler
645 3450 721 3512 lavit
741 3449 867 3530 denter,
