2302 3922
99 169 160 234 138
307 173 484 229 ADDENDA
503 172 575 227 VEL
597 170 839 228 OORRIGENDA.

134 404 137 408 ⁴
221 483 224 488 1
256 384 473 451 ΑΒΒΕΝΒΑ
494 384 582 451 VEL
605 383 899 451 OORRIGENDA.

165 539 243 592 Inter
259 537 397 614 elegiacos
408 537 535 606 Augusto
548 537 687 604 aequales,
706 536 741 589 de
754 536 856 604 quibus
867 535 975 604 aliquid
987 538 1059 591 certi

100 607 216 670 constet,
230 604 327 657 simihs
338 603 393 657 fuit
403 603 544 681 Propertii
552 603 686 656 Proculus
697 603 745 656 ille
757 619 841 671 quem
854 605 883 657 et
893 603 1056 672 1111111011-

98 672 214 725 limachi
224 671 311 725 molle
323 671 379 724 iter
389 672 512 724 tenmsse
525 671 622 724 auctor
634 672 676 723 est
687 669 770 735 Naso,
788 671 837 724 sed
849 672 939 740 magis
951 670 980 725 Ο.
993 670 1056 725 Cor·

99 740 190 793 nelius
202 738 307 804 Gallus,
318 737 354 792 de
367 739 445 791 cuius
456 737 517 791 vita
528 739 558 790 et
568 738 678 806 scriptis
693 739 807 805 praeter
822 737 891 791 alios
904 752 1056 806 exposuere

100 806 255 860 Voelkerus
267 807 296 858 in
308 804 549 859 dissertationibus
554 804 667 858 Bonnae
678 804 887 858 etElberfeldae
900 805 979 858 annis
992 811 1057 861 1840

100 873 146 926 vel
159 879 225 926 1844
237 873 319 926 editis
332 873 361 925 et
372 871 513 925 Beckcrus
524 872 606 924 initio
623 870 735 924 fabulae
747 870 873 924 Milesiae
886 888 970 939 quam
983 871 1058 926 Galli

99 939 212 993 nomine
230 939 379 1007 inscripsit.
403 939 429 991 Is
440 938 648 1007 Euphorionem
664 939 783 1003 secutus,
801 939 879 991 cuius
896 939 981 992 etiam
999 955 1056 992 car-

51 1026 54 1032 ·
99 1007 177 1060 mina
187 1007 361 1060 transtulisse
374 1022 438 1059 eum
450 1007 546 1059 narrat
558 1004 671 1058 Servius
682 1005 718 1058 ad
731 1005 781 1058 ecl.
793 1010 817 1071 6,
832 1011 875 1071 723
891 1012 929 1071 10,
942 1013 964 1072 1,
977 1008 1056 1074 quat

99 1076 165 1127 tuor
175 1074 254 1126 libris
265 1073 367 1127 cecinit
378 1072 497 1140 Lycorin
509 1088 593 1140 quam
606 1072 739 1140 Cytheriu
755 1071 792 1125 M.
805 1073 921 1126 Antonii
930 1074 1057 1126 meretri-

100 1158 162 1195 cem
173 1141 257 1194 fuisse
270 1141 385 1218 quidam
397 1140 564 1204 existimant,
575 1141 648 1192 sicut
656 1141 746 1193 visum
751 1139 938 1208 Porphyrioni
950 1140 1056 1193 adHor.

101 1225 145 1278 ep.
158 1208 208 1273 III,
221 1215 246 1273 8,
263 1225 311 1261 vix
326 1209 415 1272 recte,
435 1224 498 1260 cum
515 1223 574 1261 mos
586 1206 634 1260 ille
646 1207 714 1260 ficta
725 1206 862 1261 vocabula
872 1207 946 1259 veris
958 1207 1057 1260 substi-

99 1275 198 1329 tuendi
209 1276 239 1327 in
251 1276 388 1342 quantum
400 1275 510 1327 constat
523 1290 580 1329 non
591 1275 645 1326 nisi
656 1277 685 1327 in
698 1274 828 1327 Romanis
840 1275 998 1327 nominibus
1011 1274 1058 1327 ad·

100 1343 205 1396 hibitus
223 1343 259 1395 sit
275 1357 292 1394 a
308 1341 399 1409 poetis
410 1340 524 1406 Latinis,
542 1343 575 1394 ut
586 1340 687 1394 Lesbia

99 1410 216 1474 Perilla,
234 1408 379 1476 Licymnia
394 1425 445 1476 pro
462 1408 605 1474 Terentia,
624 1359 739 1462 0111111111
753 1425 804 1477 pro
824 1407 963 1474 Gratidia,
1011 1409 1059 1461 ula

108 1493 150 1530 iro
168 1477 291 1540 Nerone,
310 1476 372 1528 alia.
398 1474 528 1528 Ceterum
545 1491 579 1527 ex
596 1475 765 1527 carminibus
782 1474 868 1539 Galli,
891 1491 964 1542 quae
982 1477 1059 1528 omni

112 1544 184 1597 aude
206 1542 350 1595 celebrant
366 1537 518 1616 Vergilius,
541 1540 668 1603 Ovidius,
691 1541 828 1592 Martialis
867 1557 977 1608 uaeque
997 1544 1008 1594 i
1029 1559 1058 1595 se

101 1610 289 1674 Quintilianus
303 1607 446 1674 compomt
457 1622 520 1682 cum
533 1606 638 1659 Tibulli
650 1606 703 1658 Pro
726 1606 790 1659 ertii
802 1605 855 1658 Ovi
877 1608 906 1672 ⁰,
924 1609 993 1660 licet
1008 1561 1058 1662 Hu-

100 1678 203 1730 riorem
214 1675 257 1726 his
272 1674 356 1726 fuisse
369 1672 481 1724 adserat
496 1673 585 1735 illum,
598 1690 669 1724 unns
680 1674 711 1724 tu
725 1673 747 1724 't
758 1673 880 1725 aetatem
892 1674 1057 1728 versiculus:

334 1755 390 1792 nno
402 1739 518 1792 tellures
530 1738 631 1791 dividit
642 1754 724 1791 amne
737 1738 813 1791 duas.

99 1809 200 1865 Vibius
215 1807 366 1875 Sequester
380 1811 436 1875 p.5
453 1806 496 1859 ed.
512 1805 652 1858 Bursiani:
670 1806 694 1857 H
736 1806 795 1857 anis
813 1804 944 1873 Scythiae
962 1808 1059 1873 quint

60 1880 63 1885 '
101 1876 142 1930 ait
153 1874 251 1930 Gallus
264 1876 338 1927 ‘uno’
353 1890 377 1926 1.
390 1891 416 1941 q.
429 1890 449 1926 ι.
461 1873 556 1926 Asiam
569 1872 644 1926 enim
656 1873 691 1926 ab
726 1888 815 1940 uropa
827 1888 855 1925 se
877 1874 946 1927 arat.

163 1942 249 2007 'Quod
268 1941 373 2010 legitur
393 1940 469 2008 apud
489 1939 613 1992 Nonium
632 1946 741 2009 pg.133
761 1957 782 1993 s.
803 1944 855 1993 1.ι
887 1940 1056 1995 boriosum':

101 2011 198 2066 Gallus
215 2008 353 2086 poematis
370 2007 485 2059 ‘durum
500 2024 547 2060 rus
563 2007 652 2061 invite
670 2006 863 2072 laboriosum’,
881 2007 1058 2062 scribendum

103 2096 161 2133 esse
175 2077 260 2132 Gaius
273 2075 373 2129 Galum
386 2075 505 2153 apparet
516 2090 550 2127 cx
563 2049 647 2128 Gellii
685 2074 748 2140 IIII,
764 2080 803 2139 12,
817 2080 857 2128 10.

169 2146 202 2210 V,
216 2151 240 2209 2,
254 2143 337 2213 lleg.
353 2142 504 2196 Voloamos.
539 2187 544 2195 .

168 2210 259 2264 Praei.
275 2228 322 2288 pg.
334 2208 439 2262 XXVII
455 2208 472 2261 l.
486 2215 518 2261 24
533 2209 598 2276 post
614 2208 720 2262 ‘arida'
739 2208 910 2262 addendum:
928 2209 977 2262 sed
988 2210 1059 2264 illud

32 2289 33 2293 ’
101 2281 216 2415 ξιειιτυῖ
228 2277 367 2332 Charisius
384 2278 414 2331 ct
430 2277 527 2330 auctor
539 2274 574 2330 de
587 2274 679 2329 dubiis
689 2275 848 2330 nominibus
860 2276 910 2345 [gr.
921 2276 971 2330 lat.
983 2277 1004 2344 I,
1017 2282 1058 2333 89.

129 2351 218 2413 ,aaa

718 1357 749 1395 ro
762 1341 866 1406 Clodia,
879 1340 996 1394 Metella
1027 1358 1058 1395 ro
1135 1339 1140 1350 “
