2302 3922
94 204 137 271 56
501 206 644 262 uisum
981 205 1059 287 [un.

126 370 318 435 5Heslerna
339 392 432 454 quam
453 372 486 435 le
508 370 611 434 solum
633 369 716 453 quod
737 373 831 433 noete
852 369 983 452 reliqui,

201 454 359 518 Ardorem
382 456 512 536 cupiens
536 454 733 518 dissimulare
754 474 869 517 meum.

479 660 679 671 ...---.-.-.-.-.

465 807 684 873 TIBVLLVS.

528 946 625 1018 Xlll.

161 1069 260 1133 Nulla
280 1073 370 1134 luum
390 1069 484 1134 nobis
506 1067 660 1133 subducet
680 1069 800 1134 femine
821 1069 953 1134 lectum:

156 1168 158 1173 '
204 1152 276 1218 Hoc
298 1153 598 1237 primumiunelast
617 1154 744 1218 foedere
766 1157 876 1218 nostra
897 1153 1017 1219 Venus.

163 1238 212 1301 Tu
233 1237 314 1302 mihi
336 1238 404 1301 sola
424 1238 545 1321 places,
567 1258 627 1301 nee
648 1239 711 1301 iam
733 1242 765 1300 te
781 1242 906 1322 praeter
926 1239 962 1303 in
982 1239 1064 1303 urbe

204 1322 389 1386 Formosasl
411 1321 598 1385 oeulis-ulle
619 1322 725 1404 puella
746 1322 835 1386 meis.

134 1407 210 1468 eAl
232 1428 272 1469 ue
294 1405 418 1469 utinum
440 1426 550 1486 posses
572 1407 628 1467 uni
649 1406 728 1468 mihi
750 1406 835 1470 bella
856 1406 969 1471 videri!

205 1428 383 1572 llisplieeas
406 1489 491 1551 aliis:
515 1489 560 1550 sie
583 1509 642 1572 ego
664 1492 752 1552 tulus
774 1510 838 1554 ere.

162 1572 220 1637 Nil
241 1593 321 1655 opus
342 1572 508 1652 invidiasl,
531 1571 643 1653 procul
665 1572 749 1635 absit
793 1573 873 1636 loria
893 1573 998 1658 volgi:

207 1655 268 1731 Qui
291 1655 388 1737 sapit,
412 1656 446 1717 iu
467 1654 564 1717 tacito
587 1653 724 1737 gaudeat
744 1594 799 1718 ille
821 1656 902 1719 sinu.

164 1738 217 1803 Sic
239 1760 300 1823 ego
323 1738 452 1802 seeretis
473 1758 605 1819 possum
626 1738 707 1801 bene
729 1739 835 1801 vivere
857 1738 963 1820 silvis,

115 1837 148 1885 10
205 1821 274 1897 Qua
294 1823 382 1885 nulla
403 1820 542 1884 humano
565 1821 607 1885 sit
628 1822 680 1885 via
700 1822 776 1884 trita
798 1822 887 1904 pede.

164 1906 213 1970 Tu
233 1906 313 1970 mihi
335 1928 479 1969 curarum
501 1905 640 1989 requieS,
665 1908 701 1969 tu
721 1909 816 1970 neele
838 1906 889 1970 vel
911 1911 983 1970 atra.

206 1991 343 2072 Lumen,
367 1994 399 2054 et
418 1991 454 2053 in
476 1989 553 2053 solis
574 1993 610 2053 lu
632 1988 712 2053 mihi
732 1990 825 2054 turba
846 1990 935 2055 locis.

164 2075 259 2139 Nune
279 2075 356 2139 lieet
377 2096 394 2139 e
417 2075 504 2138 eaelo
525 2074 670 2138 mittalur
691 2074 793 2138 amica
814 2073 958 2157 Tibullo,

207 2160 354 2223 Miltelur
374 2159 493 2222 frustra
517 2157 702 2242 deficietque
723 2158 842 2223 Venus.

118 2258 148 2305 15
164 2243 253 2308 Haec
273 2243 334 2307 tibi
357 2246 467 2307 saneta
487 2245 560 2306 luae
582 2241 716 2307 Iunonis
738 2244 871 2307 numina
894 2245 963 2307 iuro
969 2293 978 2325 ,

208 2327 295 2403 Quae
317 2328 386 2391 sola
407 2329 480 2390 aute
503 2327 582 2389 alies
605 2330 654 2390 esi
674 2327 734 2391 libi
755 2349 872 2411 magna
894 2327 978 2391 deos.

165 2411 248 2487 Quid
269 2412 352 2476 faeie
375 2410 527 2474 demens?
559 2409 622 2474 heu
643 2409 706 2474 heu
726 2432 797 2474 mea
818 2410 955 2495 pignora
976 2410 1065 2475 cedo.

207 2495 312 2559 Iuravi
335 2495 447 2558 stulte:
468 2492 619 2575 proderal
639 2495 699 2557 isle
721 2495 826 2557 timor.

165 2579 260 2644 Nune
281 2581 317 2640 lu
338 2577 431 2641 fortis
454 2577 529 2658 eris,
555 2598 641 2640 nune
662 2581 697 2640 tu
719 2599 770 2641 me
793 2577 940 2653 audacius
962 2599 1049 2642 ures:

116 2678 151 2725 20
206 2662 279 2726 Hoe
300 2662 425 2744 peperit
444 2661 561 2724 misero
583 2661 712 2744 garrula
732 2662 843 2744 lingua
863 2662 991 2725 malum.

165 2747 244 2824 Iam,
260 2745 357 2809 facias
373 2744 591 2826 quodcumque
606 2745 703 2825 voleS,
719 2746 791 2807 tuus
806 2764 906 2826 usque
919 2746 1066 2830 maneb0,

209 2828 278 2893 Nec
299 2829 422 2911 fugiam
443 2830 538 2891 nolae
561 2827 724 2891 servilium
746 2827 908 2907 dominae,

168 2914 230 2978 Sed
250 2911 385 2975 Veneris
408 2914 534 2975 sanetae
557 2910 720 2974 considam
741 2910 866 2973 vinetus
888 2909 928 2973 ad
950 2933 1029 2976 eres.

209 2996 298 3060 Haec
320 2999 411 3059 uolat
432 2996 568 3059 iniustos
591 2993 847 3078 supplicibusque
868 2993 963 3059 favel.

525 3263 640 3336 XIHI.

168 3397 290 3461 Rumor
311 3398 356 3460 ait
379 3396 488 3460 erebro
510 3398 653 3458 nostram
667 3415 804 3476 peceare
825 3394 982 3477 puellam:

210 3480 306 3544 Nune
329 3502 388 3565 ego
410 3502 461 3544 me
484 3479 586 3543 surdis
610 3477 736 3542 auribus
760 3500 827 3543 esse
849 3477 953 3541 velim.
