2302 3922
80 162 107 218 X

162 341 249 409 XVII,
261 345 287 400 6.
307 340 472 397 Salisubsali
486 341 641 412 Bergkius,
656 341 711 395 sali
724 340 828 396 subsali
842 341 875 409 D,
892 343 950 397 ,sali
965 344 1088 418 subseyli

80 426 143 498 Gu„
154 427 219 483 salii
228 425 272 480 oet
279 425 394 480 subsulii
402 424 440 479 Dr
452 426 484 495 P,
491 424 585 491 Guelf,
598 425 661 479 salii
670 426 713 480 vel
722 427 783 480 scili
792 427 841 494 Pu,
852 427 916 480 salii
925 426 1037 483 subseili
1046 430 1084 499 M,

80 509 232 566 selisubsili
244 509 267 564 G
282 507 302 564 G
315 509 346 563 L.
982 573 985 578 .

162 593 235 661 XXI,
247 599 274 651 1.
295 593 500 648 Essuritrouum
510 593 616 663 pariter
628 610 655 647 v.
668 597 702 649 10
718 594 840 647 essurire
852 598 879 649 et
889 592 986 663 XXIII,
996 599 1031 652 14
1039 611 1084 651 es-

78 679 211 734 suritrbne
231 676 389 748 Bergkius,
408 678 660 732 esuritionem...
680 677 797 730 exurire
812 717 819 730 .
837 717 843 731 .
859 717 866 730 .
880 679 1035 734 eauritione
1050 679 1083 748 D,

78 764 264 818 eauritionum
280 759 342 830 Gu„
359 761 557 817 esuritione...
570 762 731 816 esurire...
745 761 891 815 esuritrbne
907 763 992 816 aeteri
1010 764 1082 818 libri.

80 845 120 902 Gl.
132 845 277 900 Ritsobelii
288 845 418 916 prolegg.
430 844 459 898 in
473 845 561 900 Plaut.
580 861 609 915 p.
627 841 687 898 ΟΙΙ.Ι
699 872 742 881 -
755 849 782 902 6.
800 843 929 900 Haerens
946 846 1007 900 libri
1025 864 1084 901 om-

77 927 771 999 nes‚naereseditionespleraeque—Expertus
779 927 840 997 Gu„
849 929 935 999 vulga
944 944 952 996 ;
961 930 1082 986 tortasse

77 1013 218 1086 experitis
229 1014 319 1068 forma
329 1018 360 1067 ul
375 1012 488 1070 videtur
503 1017 629 1078 vetusta,
646 1017 773 1082 quaeest
788 1013 818 1066 in
835 1008 935 1067 ceteris
953 1015 1081 1070 omnibus

77 1097 171 1165 libris,
184 1097 225 1152 sie
236 1099 390 1170 comperior
407 1102 434 1151 et
449 1097 593 1167 comperio,
610 1096 714 1167 largiar
732 1101 759 1149 et
773 1095 905 1168 illaryibo.
924 1125 966 1138 -
981 1103 1024 1156 11.
1040 1098 1084 1154 Mi

77 1196 155 1237 meus
167 1182 289 1251 conieci,
304 1182 443 1238 Marsaeus
456 1180 499 1250 P„
510 1179 629 1235 Nemeus
639 1179 676 1248 Μ,
687 1178 777 1236 Meme
788 1180 810 1236 G
823 1179 853 1248 G,
864 1180 912 1236 Me
922 1196 965 1236 me
975 1182 996 1236 L
1008 1182 1046 1236 Dr
1057 1181 1079 1236 D

76 1267 110 1337 P,
120 1267 162 1322 Pu
171 1266 234 1336 Gu„
249 1265 331 1321 Meus
341 1267 396 1320 iam
409 1264 470 1333 Gn„
481 1262 617 1319 Meusmet
631 1263 780 1336 Bergkius.

160 1365 257 1432 XXIII,
270 1368 313 1422 14.
331 1363 505 1434 Essuritione
522 1364 559 1417 ci.
577 1361 614 1418 ad
631 1362 704 1430 XXI,
723 1369 749 1421 1.
768 1393 805 1402 -
825 1368 869 1422 27.
888 1361 961 1418 Satis
975 1361 1081 1421 beatu's

77 1449 232 1520 Bergkius,
248 1450 316 1525 satis
332 1447 427 1502 beatas
442 1447 505 1502 libri
522 1463 629 1514 omnes,
647 1453 691 1502 sat
707 1461 736 1501 es
754 1445 848 1501 beatus
866 1446 1002 1503 editiones
1022 1451 1081 1520 ple'·

76 1548 191 1604 raeque.

158 1613 258 1686 XXIV,
269 1621 296 1674 4.
317 1613 411 1671 Midae
421 1613 552 1682 Vossius,
567 1616 606 1668 mi
616 1612 638 1668 G
648 1613 669 1667 L
683 1613 716 1684 D,
727 1613 794 1670 midi
803 1613 823 1669 G
832 1614 862 1669 M
873 1614 925 1684 Gu,
939 1616 1002 1686 Ga„

159 1712 246 1782 XXV,
255 1719 281 1772 5.
294 1712 365 1769 Aves
376 1711 426 1768 GL
442 1711 480 1766 Dr
490 1712 519 1766 M
532 1711 554 1766 D
566 1713 599 1782 P,
611 1712 652 1766 Pu
663 1712 715 1780 Gu,
728 1711 781 1783 Ga,
791 1712 927 1783 F,margo
941 1713 971 1782 G,
978 1730 1077 1785 margo

75 1796 196 1866 P1,alios
208 1786 274 1866 GP,
291 1812 388 1869 margo
407 1796 469 1866 Gu„
486 1798 561 1851 aries
579 1811 678 1866 margo
696 1795 728 1870 G,
744 1799 819 1850 arios
841 1812 937 1868 margo
952 1798 983 1866 L,
1001 1800 1079 1854 alites

74 1882 170 1953 vulga,
186 1883 360 1936 munerarios
375 1881 494 1936 coniecit
504 1880 709 1935 Lachmannus.
728 1879 822 1936 Verba
834 1887 974 1952 corrupta.

58 2003 64 2008 ·
157 1977 256 2048 XXIX,
267 1984 311 2036 20.
331 1978 415 2035 Hunc
429 1978 534 2034 Galliae
545 1979 639 2033 timetis
651 1982 677 2032 et
689 1977 854 2034 Britanniae
864 1978 960 2048 vulga,
972 1979 1044 2034 timet
1054 1987 1079 2034 et

73 2061 238 2118 Britanniae
257 2061 280 2116 G
296 2059 317 2116 G
332 2063 363 2130 P,
380 2061 412 2130 D,
427 2064 520 2118 timent
535 2068 562 2118 et
575 2062 741 2119 Britanniae
757 2063 777 2117 L
796 2062 856 2132 Gu„
874 2063 947 2117 timet
960 2067 1036 2118 terra
1054 2070 1081 2119 rt

73 2144 239 2201 Britanniae
252 2145 286 2215 P,
296 2147 336 2200 Pu
346 2146 367 2200 F
378 2145 465 2217 Edpr,
477 2149 562 2202 timet.
572 2152 627 2202 ..et
641 2145 680 2200 M.
695 2146 770 2202 Time
779 2146 937 2216 Britannia,
953 2145 1028 2201 buno
1044 2149 1077 2202 ti-

74 2235 143 2285 mete
156 2230 263 2286 Galliae
272 2232 403 2302 proponit
415 2231 619 2288 Lachmaunus.

157 2327 244 2398 XXX,
254 2334 280 2386 1.
292 2320 391 2400 Alfene
402 2332 438 2384 et.
449 2333 505 2386 tab.
518 2331 593 2385 fratr.
606 2329 702 2383 Arval.
714 2329 837 2399 Alpheae
848 2327 920 2396 libri,
927 2327 1022 2398 vulgo.
1036 2356 1077 2367 —-

73 2413 99 2467 4.
113 2417 140 2470 5.
153 2411 284 2467 adfinem
297 2415 428 2469 carminis
447 2411 805 2491 relegavitLaehmannus,
818 2415 847 2465 ut
862 2409 993 2480 strophae
1011 2426 1076 2480 qua-

48 2546 51 2551 .
73 2499 215 2550 ternorum
229 2512 363 2552 versuum
374 2497 559 2552 efficerentur.
587 2495 648 2564 Ego
660 2493 731 2547 redii
744 2494 780 2548 ad
798 2509 862 2548 eum
880 2493 1016 2561 ordinem,
1030 2496 1076 2564 qui

73 2585 117 2634 est
133 2580 162 2634 in
178 2579 267 2636 libris.
285 2610 328 2619 —
344 2585 370 2640 9.
392 2579 463 2636 Inde
478 2580 499 2636 G
516 2579 571 2633 LD
591 2579 626 2633 at.
646 2580 688 2642 76,
706 2583 749 2644 11,
767 2577 837 2632 idem
853 2577 875 2631 G
894 2578 922 2632 M
938 2578 971 2647 P¹
988 2578 1020 2647 P²
1036 2579 1076 2634 Pu
1146 2620 1149 2625 .

75 2662 302 2736 Gu1Gu2vulgo.

40 2812 48 2820 ἱ
155 2747 256 2816 XXXI,
272 2753 315 2808 13.
327 2747 431 2821 Iydim
441 2748 512 2815 libri,
527 2752 695 2818 corruptum,
707 2740 798 2817 neque
810 2746 884 2800 enim
896 2746 1076 2817 cogitandum

74 2838 117 2889 est
129 2831 163 2886 de
175 2831 290 2888 Tuscis:
303 2833 430 2904 limpidae
440 2832 588 2898 Aventius,
600 2831 704 2887 Libuue
714 2830 951 2892 Lachmannusof.
962 2831 1022 2886 Liv.
1030 2834 1074 2899 11,

74 2920 125 2986 383
137 2921 182 2984 33,
194 2919 239 2975 37.

156 2999 269 3067 XXXV,
290 3005 334 3059 13.
354 3005 396 3058 18.
420 2995 784 3072 Ineobutam...ineotrato]
803 2982 952 3052 indotalam
976 3014 1074 3054 omnes

73 3086 135 3140 libri
150 3090 261 3156 praeter
271 3085 302 3151 F,
317 3085 344 3138 in
361 3101 415 3155 quo
434 3090 477 3140 est
490 3083 653 3154 inchoatum,
668 3088 695 3138 et
710 3084 813 3153 vulgo;
829 3081 957 3137 ineotruto
977 3081 999 3136 D
1021 3081 1075 3152 Gu²

71 3169 158 3242 Edpr,
170 3168 298 3225 inchoata
308 3169 370 3225 libri
381 3169 465 3225 ceteri
477 3174 504 3223 et
514 3169 610 3240 vulgo.

156 3266 281 3337 XXXVI,
294 3273 335 3325 12.
355 3267 497 3339 Surosque
507 3271 618 3337 apertos
628 3266 748 3319 Vossius
760 3264 788 3319 h.
802 3281 828 3318 e.
841 3256 953 3334 Syria'm
965 3265 1073 3332 coelen,

79 3349 219 3423 Utriusque
229 3351 405 3422 aperiosGD,
419 3352 551 3423 Uriosque
561 3355 672 3422 apulos
684 3349 769 3403 ceteri
780 3347 852 3414 fibri,
867 3347 1000 3422 Uriosque
1004 3362 1074 3419 por·

73 3439 119 3492 tus
129 3435 191 3492 Nic.
202 3435 342 3491 Heinsius.
702 3438 706 3446 '

315 3684 430 3829 ἶ]
