2302 3922
333 207 525 273 cliuum
547 208 679 270 ciiiil.
698 219 742 274 30.
757 219 801 275 ³1.
1029 213 1067 278 17

92 396 127 448 15
149 384 232 459 Quin
251 387 301 441 eat
319 377 384 439 alid
405 379 530 440 sinistre
551 376 748 439 liberalitas?

151 468 266 526 Parum
287 463 458 543 expatravit
475 481 515 522 an
531 481 639 542 parum
657 461 788 523 elluatus
808 462 879 523 eati

151 552 288 610 Paterna
304 549 404 628 primu
423 544 581 617 laueinuta
598 554 670 606 runt
690 547 786 606 bonu:

152 630 296 694 &eunde
315 628 431 712 praede
451 629 594 689 Pontice:
614 628 689 690 inde
709 631 803 690 tertia

151 718 287 793 Hibera,
309 733 399 793 quam
419 714 479 774 seit
499 714 595 773 umnis
617 713 733 774 aurifer
753 714 864 794 Tagus.

92 814 131 866 πο
151 803 243 861 Hune
265 797 385 859 Grlliue
404 798 521 858 timetis
543 803 576 856 et
596 796 784 857 Britanniae.

153 882 236 962 Quid
257 884 339 943 hune
359 879 471 941 mulum
490 880 625 941 fovetis?
646 888 698 940 aut
719 879 794 958 quid
813 881 864 942 hle
883 889 1003 963 potest,
1071 930 1078 937 .

152 969 221 1029 Nisi
241 973 332 1026 uncta
353 964 504 1026 devorare
522 964 727 1045 patrimonia?

152 1054 242 1113 Eune
262 1051 386 1110 numifle
407 1049 508 1127 urbis,
530 1047 762 1128 opulentissime

111 1196 116 1203 .
153 1137 269 1212 Socer,
291 1150 463 1215 generque,
483 1131 665 1213 perdidistis
686 1132 809 1193 omnir?

516 1344 630 1410 XXX.

157 1433 275 1527 Alfene
294 1468 445 1541 inmemor
465 1473 558 1547 atque
579 1468 730 1527 unanimis
750 1466 831 1528 fulse
852 1464 1024 1544 sodalibus,

61 1609 62 1612 ,
155 1552 218 1611 ium
239 1558 272 1612 te
292 1549 338 1611 nil
356 1552 500 1629 miseret,
522 1549 615 1630 dure,
636 1552 682 1611 tui
704 1548 805 1611 dulcis
825 1549 970 1610 rmieuli‘i

154 1634 217 1695 lam
239 1653 288 1696 me
305 1633 459 1715 prodere,
480 1626 540 1695 iim
560 1653 623 1695 non
645 1633 766 1696 dubitas
784 1633 913 1712 fellere,
932 1632 1074 1714 perfide?

155 1719 184 1778 N
186 1738 222 1780 ee
235 1719 318 1780 iaetu
330 1719 424 1799 impia
437 1717 582 1779 fallacum
594 1720 751 1780 hominum
766 1717 922 1780 caelicolis
935 1716 1073 1799 placent:

116 1813 135 1864 5
156 1803 244 1878 Quae
264 1808 299 1863 tu
319 1802 466 1884 negligit,
492 1822 527 1864 uc
548 1822 597 1863 me
618 1805 763 1864 miserum
782 1803 902 1864 dereris
923 1803 956 1862 in
976 1799 1071 1861 melis.

155 1886 245 1946 Eheu
257 1885 331 1966 quid
342 1883 467 1965 faciant,
480 1884 540 1963 die,
551 1887 702 1966 homines,
716 1890 802 1949 cuive
816 1888 950 1948 habeant
959 1884 1074 1946 fldem?

157 1970 253 2030 Certe
274 1976 342 2030 tute
364 1970 491 2030 iubebas
513 1973 642 2032 animam
663 1971 806 2049 tradere,
827 1973 949 2049 inique,
970 1989 1020 2030 me

155 2053 308 2114 inducens
328 2055 362 2113 in
385 2073 535 2134 umorem,
558 2056 644 2135 quasi
664 2062 731 2116 tuta
752 2057 853 2117 omniu
873 2057 915 2116 mi
936 2055 1048 2115 forent.

156 2136 232 2198 lnde
253 2156 335 2197 nune
355 2137 490 2198 retruiuls
511 2145 545 2200 te
567 2158 601 2199 ue
622 2146 675 2198 tur
695 2139 779 2200 dieta
801 2140 901 2199 omniu
922 2140 1062 2216 luctaque

101 2230 137 2283 10
156 2221 276 2293 Ventos
296 2222 387 2281 irrita
406 2221 493 2283 ferre
515 2242 549 2282 ue
569 2220 699 2283 nebulus
720 2224 819 2282 uerlas
838 2223 921 2282 sinis.

157 2305 192 2365 Si
212 2312 247 2364 tu
267 2304 446 2384 oblimet,
468 2313 500 2366 ut
518 2305 561 2366 dii
579 2307 801 2378 meminerunt,
818 2306 956 2365 meminit
969 2303 1075 2383 Fides,

158 2389 243 2465 Quue
264 2395 297 2449 te
318 2395 353 2450 ut
373 2390 531 2470 paeniteat
545 2388 709 2471 postmodo
730 2389 805 2451 iacti
827 2389 922 2450 faciet
939 2390 993 2451 tui.

474 2528 678 2540 ᾖ

505 2602 637 2667 ΧΧΧΙ.

158 2683 434 2800 Paruimulrrrm,
456 2722 585 2800 Sirmio,
607 2723 835 2802 insularumque

160 2801 288 2882 Omne,
308 2824 505 2885 quascunque
525 2808 559 2866 in
579 2806 767 2885 liquentibus
790 2806 905 2885 stagnis

159 2885 303 2966 Matique
322 2896 408 2949 vasto
430 2889 494 2949 fert
514 2898 646 2970 uterque
667 2890 845 2970 Neptunus,

161 2970 258 3044 Quum
278 2977 312 3032 te
332 2970 470 3033 libenter
493 2993 644 3054 quamque
663 2973 763 3034 laetus
784 2975 900 3051 inviso,

123 3065 142 3115 5
162 3054 222 3115 Vix
242 3056 284 3114 ml
302 3057 370 3136 ipse
393 3055 524 3118 credens
544 3058 697 3138 Thyniam
719 3064 810 3137 utque
832 3057 980 3136 Bithynos

159 3137 302 3216 Liquiase
324 3159 446 3220 campus
467 3148 501 3201 et
519 3141 626 3202 videre
644 3150 677 3202 te
697 3143 730 3200 in
751 3141 835 3202 tuto!

161 3220 188 3280 0
210 3221 284 3299 quid
304 3221 413 3283 solutis
431 3231 480 3285 est
500 3226 619 3286 bertius
641 3227 739 3303 euris,

162 3304 240 3365 Cum
261 3325 349 3366 mens
370 3327 446 3368 onus
467 3311 606 3389 reponit,
629 3330 664 3370 uc
683 3309 849 3391 peregrino

155 3388 282 3451 *Labore
303 3390 378 3451 fessi
399 3393 536 3453 venimus
555 3392 655 3454 larem
676 3392 714 3453 ud
734 3399 872 3453 nostrum
923 3464 925 3467 .

103 3483 140 3534 10
161 3472 409 3554 Desideratuque
430 3477 650 3556 acquiescimus
669 3475 762 3539 lecto.

139 3555 324 3620 (lanuinus.
849 3560 868 3620 2
957 3593 961 3601 ⁴
