2302 3922
91 216 141 289 u]
503 216 611 271 crana
631 216 667 274 11.

135 377 227 443 Illius
250 380 299 442 est
318 377 412 442 nobis
434 379 506 462 lege
528 378 678 442 colendus
700 379 810 443 Amor.

94 462 296 539 Quinetiam
319 462 408 525 sedes
430 462 539 525 iubeat
559 463 587 525 si
609 462 743 526 vendere
766 463 881 544 avitas,

135 546 185 611 Ite
207 545 266 610 sub
289 546 457 628 imperium
480 546 538 609 sub
560 546 688 608 titulum
711 568 767 625 ue,
788 545 896 610 Lares.

94 629 254 712 Quidquid
275 628 371 694 habet
394 628 500 711 Circe,
523 629 674 712 quidquid
732 630 808 694 adea
829 629 958 713 veneni,
1025 658 1057 691 ,c

137 712 297 796 Quidquid
319 717 352 777 et
372 711 542 776 herbarum
563 712 716 776 Thessala
737 716 821 776 terra
842 715 939 798 gerit,

93 796 243 945 Ethuod,
254 797 310 860 ubi
320 796 485 892 indomitis
496 797 647 892 gregibus
658 796 768 893 Venus
781 797 876 893 adflat
890 818 1023 880 umores,

95 963 131 1030 a
151 880 856 1028 ltltmtt⁹⁸ttltlttlltlldffltt
870 902 982 1029 tlt

136 1047 226 1113 Mille
248 1048 327 1113 alias
341 986 462 1111 herbas
485 1004 616 1112 misceat
637 1047 707 1131 illa,
729 1047 847 1111 bibam.
972 1014 982 1048 r
1022 1060 1058 1109 cc

500 1185 652 1195 -—

554 1260 598 1335 V.

94 1383 235 1468 Phoebe,
246 1384 334 1450 fave:
345 1405 447 1449 novus
459 1384 637 1469 ingreditur
647 1387 703 1447 tua
712 1385 831 1467 templa
842 1384 1003 1449 sacerdos:

137 1468 210 1532 Huc
231 1490 291 1553 age
314 1490 386 1533 cum
408 1469 530 1533 cithara
552 1469 806 1553 carminibusque
828 1470 909 1533 veni.

94 1550 191 1617 Nunc
213 1555 245 1616 te
267 1554 392 1617 vocales
414 1553 565 1636 inpellere
587 1553 702 1636 pollice
724 1551 872 1635 chordae,

136 1636 231 1701 Nunc
253 1658 367 1720 precor
388 1636 427 1700 ad
449 1637 557 1700 laudes
579 1637 705 1700 flectere
727 1636 824 1700 verba
844 1657 923 1701 mea

94 1718 168 1803 lpse
189 1719 376 1803 triumphali
397 1721 560 1785 devinctus
582 1723 727 1804 tempora
748 1721 851 1804 lauro,
1039 1732 1057 1781 o

137 1802 222 1867 Dum
245 1804 408 1868 cumulant
428 1825 516 1888 aras,
540 1805 579 1868 ad
600 1808 657 1868 tua
679 1826 769 1869 sacra
790 1805 871 1869 veni.

95 1886 158 1952 Sed
179 1888 301 1951 nitidus
323 1887 517 1972 pulcherque
538 1890 626 1952 veni:
648 1910 734 1952 nunc
755 1887 851 1952 indue
872 1892 992 1952 vestem

138 1970 334 2054 Sepositam,
358 1972 472 2056 longas
493 1994 578 2036 nunc
600 1973 680 2036 bene
701 1976 793 2055 pecte
815 1993 936 2056 comas,

96 2053 228 2129 Qualem
249 2060 281 2119 te
303 2060 481 2120 memorant
502 2055 638 2121 Saturno
661 2077 735 2139 rege
757 2056 868 2140 fugato

137 2138 260 2203 Victori
283 2138 392 2203 laudes
415 2140 613 2203 concinuisse
635 2139 712 2203 Iovi.
1023 2152 1058 2201 10

94 2222 144 2287 'l'u
165 2223 276 2306 procul
298 2226 448 2287 eventura
469 2222 573 2303 rides,
596 2223 656 2286 tibi
678 2222 801 2286 deditus
823 2244 925 2307 augur

138 2305 205 2370 Scit
224 2306 306 2370 bene
328 2307 403 2390 quid
425 2307 484 2370 fati
505 2306 637 2389 provida
659 2309 765 2369 cantet
787 2308 868 2389 avie,

94 2389 205 2473 Tuque
227 2391 312 2475 regis
335 2395 451 2473 sorteS,
475 2411 532 2473 per
553 2392 585 2453 te
606 2391 782 2473 praesentit
803 2412 952 2474 aruspex,

136 2472 273 2538 Lubrica
295 2474 434 2557 signavit
455 2496 527 2539 cum
548 2474 625 2537 deus
647 2478 719 2539 exta
739 2475 840 2538 notis:

93 2553 140 2622 Te
162 2558 240 2622 duce
261 2557 424 2622 Romanos
445 2578 619 2641 numquam
640 2558 792 2622 frustrata
813 2557 950 2642 Sibylla,
1024 2571 1056 2619 15

136 2641 257 2704 Abdita
278 2663 357 2724 quae
380 2643 465 2705 senis
487 2642 554 2705 fata
576 2643 663 2706 canit
684 2643 831 2725 pedibus!

94 2723 238 2808 Phoebe,
261 2747 367 2789 sacras
390 2725 687 2805 blessalinum'sinc
708 2730 764 2791 tan
788 2748 840 2791 ere
862 2726 986 2791 chartas

137 2808 246 2892 Vatis,
270 2814 301 2873 et
322 2811 390 2893 ipse
412 2831 525 2893 precor
546 2805 621 2894 quid
644 2813 739 2874 canat
759 2749 814 2875 illa
835 2811 923 2876 dece.

92 2890 184 2956 Haec
200 2892 287 2956 dedit
301 2894 429 2958 Aeneae
445 2898 563 2977 sortes,
577 2897 747 2978 postquam
762 2896 816 2959 ille
831 2898 995 2980 parentem

136 2975 263 3040 Dicitur
284 2980 316 3040 et
336 2981 445 3060 raptos
467 2979 654 3042 sustinuisse
675 2977 787 3063 Lares3
1021 2991 1056 3039 20

91 3058 164 3124 Nec
184 3061 253 3124 fora
272 3061 420 3125 credebat
434 3061 584 3145 Romam,
608 3084 680 3127 cum
701 3066 841 3128 maestus
863 3063 903 3126 ab
925 3062 990 3126 alto

136 3143 220 3209 Ilion
243 3144 389 3209 ardentes
411 3146 643 3229 respiceretque
666 3147 751 3211 dece.

94 3226 264 3312 (Romulus
287 3231 432 3293 aeternae
453 3230 596 3294 noudum
617 3231 796 3294 firmaverat
816 3230 903 3294 urbis

136 3311 278 3396 Moenia,
302 3314 443 3377 consorti
462 3334 529 3377 non
550 3313 723 3377 habitanda
743 3313 859 3394 Remo,

92 3394 157 3461 Sed
178 3400 255 3461 tunc
276 3397 450 3480 pascebant
470 3397 608 3462 herbosa
628 3395 753 3460 Palatia
772 3417 886 3460 vaccae
1021 3409 1055 3459 25

134 3480 179 3545 nt
201 3482 328 3545 stabant
349 3479 485 3546 humiles
507 3481 542 3544 in
562 3480 648 3545 Iovis
670 3500 742 3544 arce
764 3501 863 3545 casae.
