2302 3922
93 223 154 289 104
371 249 375 256 ·
475 227 670 284 1101111111
842 259 846 267 .
1007 227 1056 300 [v.

155 391 279 456 Ianitor
300 391 340 455 ad
362 389 474 456 dantes
495 391 621 476 vigilet:
645 391 673 454 si
695 390 801 474 pulset
821 388 937 472 inanis,

199 475 317 541 Surdus
339 475 374 538 in
396 474 566 539 obductam
588 475 726 539 somniet
746 495 847 558 usque
868 494 982 538 seram.

155 559 225 624 Nec
244 559 305 623 tibi
326 558 493 642 displiceat
513 559 604 623 miles
626 579 693 623 non
713 558 816 623 factus
838 557 954 640 amori,

104 657 138 705 10
194 643 225 707 N
227 647 301 707 anta
321 663 381 706 nec
398 643 508 707 attrita
530 644 558 707 si
578 643 662 707 ferat
683 664 756 707 aera
776 663 887 724 manu,

157 728 224 790 Aut
246 748 380 810 quorum
401 727 513 791 titulus
535 749 592 811 per
614 728 747 791 barbara
768 726 851 791 colla
871 725 1033 810 pependit,

200 810 323 876 anlati
344 810 448 876 medio
471 832 544 875 cum
565 811 687 875 saluere
707 811 788 875 foro.
957 832 960 837 ’

157 896 282 958 Aurum
304 898 458 978 spectato,
480 916 547 959 non
561 916 641 978 quae
655 916 768 959 manus
788 893 912 958 adferat
933 915 1055 959 aurum.

199 977 351 1044 Versibus
374 978 491 1044 auditis
514 979 589 1063 quid
610 979 673 1043 nisi
694 979 791 1042 verba
810 977 916 1042 feres?

108 1075 141 1125 00
158 1061 252 1151 [Quid
274 1064 363 1128 iuvat
388 1066 504 1127 ornato
526 1063 710 1147 procedere,
732 1063 811 1145 vita,
834 1062 949 1146 capillo

201 1146 245 1211 Et
265 1149 378 1212 tenues
404 1145 471 1212 Ooa
491 1151 579 1212 veste
600 1168 727 1211 movere
748 1144 870 1234 sinus?]

158 1229 221 1306 Qui
241 1253 350 1296 versus
383 1232 468 1298 Coae
489 1232 611 1297 dederit
630 1252 690 1296 nec
711 1252 842 1295 munera
862 1230 970 1313 vestis,

200 1281 843 1398 mmmmmmm

159 1398 245 1463 Dum
266 1404 378 1464 vernat
399 1421 457 1465 1111
501 1402 543 1483 is,
571 1401 647 1465 dum
731 1400 756 1462 's
776 1400 901 1482 integer
922 1418 1036 1480 annus,

110 1496 145 1546 60
201 1482 314 1566 Vtere,
335 1504 377 1548 ne
399 1485 453 1568 qui
497 1506 567 1549 1111
589 1485 668 1548 libet
688 1505 708 1547 a
751 1504 806 1547 ore
827 1482 903 1547 dies.

160 1566 237 1631 Vidi
259 1587 318 1652 ego
342 1567 465 1631 odorati
486 1569 608 1632 victura
628 1568 750 1631 rosaria
770 1566 877 1631 Paesti

203 1648 268 1714 sub
289 1652 445 1715 matutino
467 1655 558 1716 cocta
579 1651 680 1715 iacere
701 1650 811 1715 Noto?

160 1733 220 1797 His
236 1733 376 1798 animum
390 1737 518 1800 nostrae
540 1735 615 1799 dum
636 1737 740 1798 versat
757 1735 911 1799 Acanthis
926 1734 1056 1819 amicae,

205 1817 285 1882 Ossa
306 1818 391 1882 inter
412 1822 523 1883 tenues
545 1823 621 1883 sunt
640 1821 805 1882 numerata
827 1823 923 1883 cutes.

112 1914 146 1964 oo
161 1901 223 1968 sed
246 1923 323 1985 cape
343 1905 523 1988 torquatos,
546 1902 655 1968 Venus
677 1925 696 1966 0
718 1904 839 1988 regina,
863 1901 1028 1968 columbae

206 1985 255 2051 Ob
277 1987 427 2052 meritum
449 1991 522 2052 ante
544 1992 616 2052 tuos
638 1990 768 2072 guttura
791 1991 877 2052 secta
897 1986 995 2051 focos.

161 2070 237 2135 Vidi
259 2091 319 2156 ego
340 2093 458 2157 rugoso
480 2073 594 2137 tussim
615 2092 817 2136 concrescere
838 2071 932 2155 collo,

103 2175 106 2178 ⁴
206 2153 365 2238 Sputaque
387 2177 444 2239 per
465 2157 575 2221 dentes
596 2157 643 2220 ire
665 2159 795 2221 cruenta
816 2175 917 2237 cavos,

162 2239 270 2322 Atque
291 2239 431 2303 animam
452 2241 487 2304 in
507 2244 630 2326 tegetes
652 2244 777 2324 putrem
799 2241 941 2324 expirare
962 2260 1017 2322 pa·

737 2345 827 2388 ruas.

114 2421 149 2469 10
204 2406 340 2471 Horruit
361 2407 482 2493 algenti
503 2409 637 2494 pergula
659 2411 748 2473 curta
768 2408 850 2472 foco.

163 2491 324 2575 Exequiae
345 2492 475 2556 fuerunt
495 2494 559 2557 rari
580 2493 698 2557 furtiva
720 2491 826 2575 capilli

206 2576 343 2641 Vincula
364 2579 397 2641 et
417 2576 570 2641 inmundo
592 2577 710 2661 pallida
730 2577 825 2640 mitra
846 2575 919 2656 situ,

163 2659 208 2724 llt
230 2661 317 2725 canis
338 2661 374 2724 in
394 2664 522 2726 nostros
544 2662 640 2725 nimis
663 2663 844 2742 experrecta
865 2658 1001 2741 dolores,

208 2744 287 2810 Cum
308 2743 448 2807 fallenda
469 2766 540 2808 meo
561 2743 677 2828 pollice
698 2742 797 2806 clatra
817 2743 931 2804 forent.

115 2825 214 2893 11811
234 2826 373 2890 tumulus
396 2827 486 2891 lenae
508 2833 597 2892 curto
619 2829 709 2890 vetus
731 2825 883 2906 amphora
906 2821 1004 2886 collo:

206 2912 329 2996 Vrgeat
348 2909 435 2974 hunc
456 2933 552 2995 supra
572 2911 629 2994 vis,
652 2909 806 2993 caprifico,
827 2909 891 2970 tua.

164 2994 314 3079 Quisquis
337 3016 433 3078 amas,
456 2995 575 3059 scabris
596 2994 659 3057 hoo
678 2992 805 3055 bustum
827 2989 948 3055 caedito
964 2992 1059 3076 saxis,

206 3080 368 3163 Mixtaque
391 3100 462 3144 cum
485 3079 568 3142 saxis
590 3077 696 3141 addite
717 3076 813 3139 verba
834 3075 926 3140 mala.

163 3414 260 3482 Sacra
279 3416 359 3480 facit
379 3420 485 3481 vates:
509 3414 574 3479 sint
596 3435 652 3478 ora
672 3413 813 3478 faventia
834 3413 943 3495 sacris,

205 3499 250 3565 Et
271 3500 363 3565 cadat
384 3502 458 3565 ante
480 3521 569 3564 meos
590 3499 655 3564 icta
675 3498 809 3564 iuvenca
829 3498 928 3562 10101.
