2302 3922
57 214 153 285 XXX]
444 212 552 266 LIBER
572 212 620 266 ΙΠ.

99 375 144 439 nt
164 374 268 458 patria
289 373 419 438 Phoebo
443 373 544 437 carius
568 372 710 457 Ortygia.
985 383 1017 430 10
1091 456 1094 461 Ι

56 458 96 523 In
118 478 180 540 quo
203 457 286 522 Solis
309 460 377 520 erat
399 479 495 540 supra
515 456 644 538 fastigia
666 477 789 538 currus,

98 541 142 605 Et
163 540 287 623 valvae,
309 540 421 622 Libyci
443 541 551 604 nobile
573 540 677 603 dentis
699 561 793 624 opus,

57 625 168 688 Altera
190 624 330 689 deiectos
353 624 485 687 Parnasi
507 624 624 687 vertice
647 623 772 705 Gallos,

99 709 211 771 Altera
231 707 394 771 maerebat
414 708 527 771 funera
548 707 742 771 Tantalidos.

57 791 182 855 Deinde
205 790 288 854 inter
310 794 444 855 matrem
467 791 543 855 deus
565 791 633 874 ipse
655 791 799 872 interque
822 809 963 854 sororem
986 801 1017 849 15

100 873 233 957 Pythius
255 874 291 938 in
312 875 410 958 longa
432 875 573 938 carmina
594 879 682 939 veste
705 875 806 938 sonat.

387 1088 487 1159 xxx
517 1088 691 1181 [nrum.

59 1209 121 1286 Qui
142 1209 242 1293 ridet,
266 1211 293 1274 is
315 1213 440 1293 peccat:
463 1210 517 1292 qui
538 1214 571 1272 te
592 1231 659 1273 non
681 1209 797 1272 viderit
819 1228 911 1292 ergo,

100 1292 176 1358 Non
199 1294 317 1377 cupiet:
340 1294 417 1356 facti
439 1294 560 1357 lumina
582 1295 701 1357 crimen
723 1292 851 1356 habent.

58 1376 144 1441 Nam
167 1377 241 1459 quid
263 1377 428 1441 Praenesti
451 1377 577 1460 dubias,
601 1398 619 1440 o
643 1376 795 1460 Cynthia,
818 1378 934 1457 sortes,

102 1460 185 1534 Quid
207 1461 290 1544 petis
312 1461 411 1523 Aeaei
432 1461 559 1524 moenia
581 1460 755 1545 Telegoni?

60 1542 125 1608 Cur
147 1547 255 1607 cutte
276 1543 468 1608 Herculeum
490 1544 660 1628 deportant
681 1544 791 1608 esseda
812 1541 932 1606 Tibur?
1003 1553 1020 1602 c

101 1628 208 1711 Appia
230 1649 284 1690 our
305 1629 424 1691 totiens
446 1632 478 1692 te
500 1629 551 1691 via
573 1628 661 1693 ducit
682 1627 783 1691 anns?

59 1709 129 1774 Hoc
149 1712 272 1775 utinam
294 1712 430 1795 spatiere
452 1713 538 1795 loco,
563 1712 782 1796 quodcumque
804 1711 945 1793 moabia,

104 1793 255 1876 Cynthia!
279 1818 353 1858 nam
375 1797 434 1859 tibi
456 1817 507 1860 me
530 1797 656 1861 credere
677 1797 771 1859 turba
792 1799 892 1877 vetat,

61 1877 142 1942 Cum
164 1878 251 1941 videt
272 1880 412 1942 accensis
434 1880 580 1942 devotam
603 1901 726 1943 currere
748 1879 849 1942 taedis

104 1961 143 2024 In
165 1982 276 2024 nemus
299 1965 332 2024 et
352 1961 477 2025 Triviae
499 1963 622 2026 lumina
642 1963 725 2026 ferre
748 1962 833 2025 deae.
988 1973 1020 2021 10

62 2043 190 2108 Scilicet
211 2044 369 2107 umbrosis
392 2045 499 2108 sordet
519 2046 673 2128 Pompeia
694 2045 849 2109 columnis

103 2127 262 2210 Porticus,
286 2128 403 2191 aulaeis
425 2129 543 2192 nobilis
564 2129 727 2210 Attalicis,

61 2211 105 2275 Et
126 2212 234 2275 creber
255 2211 394 2295 platanis
416 2212 535 2294 pariter
557 2213 761 2309 surgentibus
782 2211 859 2275 ordo
866 2259 876 2294 ,

103 2295 251 2358 Flumina
273 2295 375 2378 sopito
398 2316 538 2379 quaeque
560 2298 687 2360 Amone
710 2295 841 2376 cadunt,

62 2378 125 2441 Tot
145 2379 257 2443 leviter
278 2379 343 2461 lym
366 2378 416 2443 his
438 2383 507 2443 tota
530 2380 757 2464 crepitantibus
777 2379 855 2442 urbe
989 2388 1020 2438 15

105 2461 185 2526 Cum
208 2462 312 2527 subito
335 2402 449 2526 daton
471 2485 525 2528 ore
546 2464 691 2528 recondit
712 2484 833 2547 aquam.

61 2545 211 2628 Falleris,
234 2547 296 2609 ista
316 2547 364 2608 tui
385 2547 505 2611 furtum
527 2549 579 2610 via
599 2550 759 2611 monstrat
780 2545 911 2610 amoris:

104 2628 180 2693 Non
202 2629 328 2712 urbem,
353 2629 496 2713 demens,
519 2632 640 2695 lumina
661 2634 772 2695 nostra
792 2630 893 2714 fugis:

61 2712 119 2777 Nil
141 2713 224 2797 agis,
248 2713 380 2777 insidias
403 2716 437 2777 in
459 2737 509 2778 me
532 2716 686 2799 conponis
708 2716 833 2796 inanes,

104 2796 221 2860 Tendis
243 2797 328 2861 iners
351 2797 445 2862 docto
467 2799 548 2863 retia
569 2803 646 2865 nota
667 2799 756 2864 mihi.
947 2864 951 2872 ,
987 2809 1021 2857 20

64 2879 126 2944 Sed
149 2881 186 2944 de
209 2882 386 2945 meminus
409 2886 472 2946 est:
495 2884 599 2947 famae
620 2884 741 2948 iactura
761 2882 894 2967 pudicae

105 2963 208 3027 Tanta
229 2965 289 3027 tibi
310 2966 457 3049 miserae,
482 2970 600 3050 quanta
620 2967 765 3048 mereris,
789 2967 857 3030 erit.

62 3047 172 3131 Nuper
194 3048 280 3111 enim
301 3049 340 3112 cle
361 3054 393 3114 te
414 3054 541 3116 nostras
562 3055 644 3133 †me
665 3051 763 3115 laedit
784 3049 824 3114 ad
847 3069 937 3112 aures

104 3132 239 3214 Rumor,
262 3135 294 3195 et
314 3133 349 3196 in
369 3136 438 3197 tota
459 3156 525 3199 non
547 3136 649 3199 bonus
670 3135 748 3198 urbe
769 3133 839 3196 fuit.

63 3214 125 3279 Sed
147 3219 182 3279 tu
203 3237 270 3280 non
292 3215 387 3280 debes
408 3218 556 3283 inimicae
579 3218 705 3283 credere
726 3217 869 3300 linguae:
987 3226 1020 3276 25

105 3299 236 3382 Semper
257 3299 406 3364 formosis
427 3301 535 3365 fabula
556 3323 660 3386 poena
680 3301 750 3363 fuit.

61 3381 139 3447 Non
160 3388 214 3447 tua
237 3382 392 3466 deprenso
415 3384 595 3449 damnatast
614 3385 702 3447 fama
721 3402 858 3446 venenot

106 3466 210 3531 Testis
234 3468 295 3531 eris
316 3490 428 3552 puras,
451 3468 594 3551 Phoebe,
619 3467 725 3532 videre
747 3487 868 3531 manus.
