2302 3922
91 226 169 297 m]
488 224 596 281 LIBER
616 225 678 282 1111.
1020 219 1063 285 55

139 388 248 473 Atque
269 387 421 451 Arretino
443 386 578 471 frigidus
602 387 706 450 amnis
729 386 830 471 agro?

92 472 183 554 Iam,
205 472 340 536 nimium
361 470 511 534 Messalla
532 470 594 533 mei
616 470 772 553 studiose,
796 471 954 566 quiescas,
1045 481 1063 531 a

140 555 217 620 Non
237 555 444 637 tempestivae
467 574 561 637 saepe
582 554 760 637 propinque
782 576 861 618 v1ae.

93 638 163 706 Hie
183 639 324 703 animum
347 658 520 720 sensusque
542 658 630 700 meos
654 637 788 701 abducta
809 638 970 721 relinquo,

140 722 284 786 Arbitrio
308 722 456 806 quoniam
479 741 545 783 non
568 721 645 784 sinis
668 743 735 785 esse
759 742 838 785 meo.

527 950 640 1024 Vllll.

96 1075 169 1141 Seis
191 1075 252 1139 iter
273 1095 312 1138 ex
334 1073 439 1136 animo
463 1072 621 1135 sublatum
644 1073 734 1136 triste
756 1072 900 1154 puellae?

141 1156 394 1227 NataliRomae
415 1158 480 1219 iam
501 1156 577 1219 lieet
598 1177 667 1219 esse
689 1159 754 1220 tuo.

94 1242 256 1309 Omnibus
278 1242 333 1305 ille
355 1241 421 1304 dies
443 1239 536 1303 nobis
558 1240 693 1324 genialis
718 1242 844 1322 agatur,

142 1325 205 1402 Qui
225 1347 284 1390 nee
307 1325 452 1408 opinanti
474 1346 559 1387 nuno
581 1324 640 1388 tibi
662 1324 745 1387 forte
767 1324 864 1389 venit.

507 1462 659 1471 -n

559 1555 604 1628 X.

96 1677 285 1760 Gratumst‚
308 1698 436 1742 securus
458 1677 593 1741 multum
615 1677 700 1761 quod
722 1677 786 1741 iam
807 1677 867 1741 tibi
890 1677 928 1741 de
952 1698 1002 1741 me

143 1762 320 1844 Permittis,
344 1761 448 1825 subito
470 1782 511 1825 ne
533 1761 615 1825 male
637 1763 746 1845 inepta
768 1760 893 1842 eadam,

102 1845 138 1910 Si
158 1846 217 1910 tibi
240 1867 315 1909 eura
336 1849 430 1929 togae
452 1846 558 1928 potior
580 1866 786 1929 pressumque
808 1846 943 1927 quasillo

146 1928 293 1995 Scortum
315 1950 410 2012 quam
432 1928 522 1993 Servi
543 1928 609 1992 filia
631 1928 785 2011 Sulpicia:

97 2012 238 2079 Solliciti
262 2018 336 2077 sunt
356 2035 415 2096 pro
437 2013 545 2094 nobis,
568 2013 681 2095 quibus
704 2012 760 2075 illa
782 2011 917 2094 doloris,
1048 2020 1066 2073 ὃ

144 2096 195 2163 Ne
217 2097 327 2161 cedam
348 2098 461 2181 ignoto
468 2145 477 2178 ,
502 2097 640 2159 maxima
662 2116 772 2177 eausa,
793 2098 876 2158 toro.

509 2232 659 2241 ——-—-

548 2326 611 2399 XI.

101 2450 205 2516 Estne
226 2451 302 2531 tibi,
326 2449 491 2531 Cerinthe,
514 2451 586 2513 tuae
608 2448 661 2531 pia
684 2468 758 2512 eura
779 2447 917 2531 puellae,

148 2534 239 2611 Quod
260 2556 332 2598 mea
351 2556 438 2599 nuno
459 2537 553 2598 vexat
575 2552 708 2615 corpora
728 2533 813 2596 fessa
835 2530 947 2596 color?

102 2620 135 2683 A
157 2640 218 2704 ego
240 2640 307 2682 non
329 2619 421 2682 aliter
442 2619 549 2681 tristes
572 2616 716 2680 evincere
738 2616 866 2680 morbos

148 2703 309 2786 Optarim,
333 2724 427 2786 quam
448 2706 481 2766 te
503 2702 531 2764 si
553 2721 677 2784 quoque
699 2701 780 2764 velle
802 2703 921 2784 putem.

102 2789 151 2850 At
172 2787 251 2850 mihi
273 2787 348 2869 quid
370 2787 473 2871 prosit
493 2785 622 2849 morbos
645 2785 805 2867 evincere,
830 2806 902 2850 eum
923 2788 960 2849 tu
1052 2792 1069 2843 5

147 2870 267 2935 Nostra
287 2875 378 2954 potes
400 2870 488 2935 lento
510 2872 639 2953 pectore
661 2869 743 2933 ferre
765 2869 872 2932 mala?

547 3118 626 3192 ΧΠ.

103 3239 155 3304 Ne
175 3241 236 3305 tibi
255 3242 329 3322 sim,
350 3262 421 3305 mea
440 3241 509 3324 lux,
531 3261 630 3323 aeque
649 3240 713 3303 iam
733 3236 855 3300 fervida
876 3254 965 3317 eura,

146 3326 196 3389 Aa
217 3326 327 3389 videor
347 3346 467 3407 pauoos
489 3328 563 3388 ante
585 3324 683 3388 fuisse
706 3320 788 3400 dies,

103 3406 160 3473 Sio
181 3409 349 3492 quicquam
370 3412 440 3472 tota
462 3407 597 3472 conmisi
618 3406 717 3469 stulta
738 3404 882 3482 iuventa,

149 3491 246 3558 Cuius
268 3515 319 3557 me
342 3492 443 3555 fatear
463 3490 659 3577 paenituisse
680 3487 798 3571 magis,
