2302 3922
68 168 114 240 [1.]
455 165 562 220 amna
582 164 616 220 v.

68 323 137 392 Nee
158 327 245 392 rudis
267 328 392 394 infestis
413 327 505 391 miles
527 325 671 390 radiabat
692 325 727 389 in
749 325 860 389 armis:

110 411 289 477 Miscebant
308 414 380 476 usta
399 411 521 495 proelia
541 410 628 473 nuda
649 411 734 474 sude.

68 493 175 558 Prima
196 495 349 580 galeritus
370 495 478 579 posuit
498 493 660 579 praetoria
680 493 842 577 Lygmon,

110 579 165 642 Ma
188 600 292 661 naque
313 600 387 663 pars
409 578 500 642 Tatio
521 599 628 642 rerum
649 580 716 641 erat
737 577 823 641 inter
846 598 929 641 oves.
995 589 1029 638 3ο

68 660 155 727 Hine
204 662 299 727 itiens
322 662 460 726 Ramnes
483 683 522 725 ue
543 660 604 725 viri
626 660 823 743 Luceresque
846 661 963 744 coloni,

111 745 254 820 Quatuor
274 746 349 810 hine
371 746 459 868 albps
529 745 633 808 mulus
655 744 723 867 ggii
744 765 850 828 equos.

69 912 194 997 Quippe
216 914 413 992 suburbanae
434 875 659 999 parva*minus
680 912 758 976 urbe
780 911 923 977 Bovillae

111 997 217 1080 Atque
239 998 285 1061 ibi
306 997 442 1062 Fidenas
464 999 562 1082 longa
583 1000 651 1061 erat
671 997 734 1060 isse
755 996 815 1060 via.
996 1010 1029 1059 36

70 1078 115 1144 Et
136 1081 225 1144 stetit
246 1081 331 1145 Alba
351 1085 476 1165 potens,
500 1081 591 1145 albae
614 1080 677 1144 suis
700 1080 805 1143 omine
827 1083 917 1161 nata,
996 1094 1028 1142 35

111 1162 170 1246 Et,
193 1165 247 1246 qui
268 1185 354 1229 nune
375 1165 470 1247 nulli,
492 1164 630 1228 maxima
650 1163 745 1228 turba
767 1161 859 1227 Gabi.
996 1177 1030 1226 34

70 1245 128 1312 Nil
147 1248 287 1330 patrium
308 1248 372 1311 nisi
391 1268 510 1311 nomen
531 1247 628 1311 habet
641 1245 805 1311 Romanus
827 1247 987 1311 alumnus:

114 1329 286 1415 Sanguinis
309 1331 452 1395 altricem
472 1352 539 1395 non
552 1330 650 1415 pudet
671 1351 740 1395 esse
760 1331 878 1414 lupam.

71 1412 143 1478 Hue
164 1415 277 1479 melius
299 1415 451 1499 profugos
472 1414 603 1498 misisti,
626 1415 735 1498 Troia,
759 1418 902 1498 penates.

113 1496 166 1562 l'ln
187 1499 274 1583 quali
294 1501 417 1562 veetast
436 1499 584 1563 Dardana
604 1499 720 1583 puppis
743 1501 814 1563 ave!
997 1511 1031 1561 40

71 1581 140 1645 Iam
161 1583 242 1647 bene
265 1582 466 1666 spondebant
486 1586 564 1648 tune
585 1583 711 1667 omina,
734 1582 818 1667 quod
840 1582 922 1647 nihil
943 1583 1032 1647 illam

114 1666 263 1731 Laeserat
284 1667 413 1752 abiegni
434 1671 546 1731 venter
567 1670 695 1751 apertus
717 1667 806 1751 equi,

73 1748 154 1815 oum
174 1754 265 1834 pater
286 1751 320 1814 in
341 1751 409 1815 nati
429 1751 571 1834 trepidus
594 1751 715 1816 cerviae
736 1751 903 1834 pependit,

114 1833 159 1896 Et
179 1835 311 1898 veritast
331 1855 457 1898 umeros
478 1854 569 1897 urere
589 1834 719 1898 flamma
739 1834 820 1916 pios.

73 1915 164 1980 nune
185 1917 284 1980 animi
303 1938 418 1980 venere
433 1916 513 1979 Deoi
534 1915 688 1999 Brutique
710 1937 846 1998 secures,
999 1929 1033 1980 45

115 1998 212 2063 Vexit
233 2003 266 2063 et
286 2000 356 2083 ipsa
378 2000 427 2063 sui
450 1999 594 2064 Caesaris
616 2021 704 2062 arma
725 1998 850 2079 Venus,

74 2084 174 2147 Arma
195 2083 391 2166 resurgentis
413 2086 544 2167 portans
566 2082 708 2146 victricia
729 2081 860 2148 Troiae:

116 2166 207 2232 Felix
229 2169 314 2230 terra
335 2169 408 2230 tuos
430 2166 529 2249 oepit,
553 2164 637 2245 Iule,
663 2165 753 2250 deos3

76 2250 110 2316 si
131 2250 225 2314 modo
248 2250 417 2316 Avernalis
438 2249 593 2314 tremulae
616 2250 740 2314 eortina
761 2247 901 2333 Sibyllae

117 2334 208 2397 Dixit
229 2334 391 2398 Aventino
413 2356 486 2398 rura
507 2333 625 2417 pianda
645 2333 762 2413 Remo,
1000 2346 1036 2397 eo

76 2417 143 2480 Aut
163 2418 191 2481 si
212 2417 403 2500 Pergameae
425 2438 495 2481 sero
517 2420 590 2481 rata
610 2417 751 2482 earmina
770 2418 852 2482 vatis

117 2499 322 2584 Longaevum
344 2500 384 2564 ad
405 2499 524 2565 Priami
546 2523 621 2565 vera
641 2502 730 2565 fuere
752 2505 863 2584 eaput:

77 2582 216 2648 ‘Dieamz
238 2583 335 2648 Troia
356 2585 460 2667 cades,
483 2587 516 2648 et
536 2585 652 2649 Troiae
672 2584 776 2649 Roma
800 2606 960 2670 resurges,
1003 2598 1035 2647 8¹1

118 2667 162 2731 Et
183 2668 278 2731 maris
300 2671 333 2732 et
353 2671 457 2732 terrae
478 2670 577 2752 longa
597 2667 765 2752 sepulchra
786 2688 906 2733 eanam.
1003 2682 1037 2732 88

75 2749 199 2817 Vertite
222 2772 351 2836 equum,
373 2750 490 2817 Danai!
514 2753 597 2816 male
618 2752 762 2817 vincitis:
785 2751 846 2816 llia
866 2753 960 2817 tellus
1086 2784 1090 2791 ·

117 2834 226 2918 Vivet,
250 2839 283 2899 et
301 2835 376 2900 huie
398 2836 496 2900 cineri
518 2835 556 2900 Iu
578 2837 662 2920 piter
684 2857 772 2901 arma
793 2836 902 2902 dabis>

77 2917 207 3001 Optima
227 2919 389 2984 nutricum
411 2920 529 2984 nostris
551 2859 584 2983 ii
607 2920 759 2985 aMartia
779 2920 884 3004 rebus,
1005 2931 1038 2983 oo

119 2999 233 3076 Qualia
254 3007 420 3068 erevenmt
441 3003 568 3068 moenia
584 2942 672 3068 iaete
691 3006 761 3069 tuot

77 3084 210 3148 Munere
224 3106 360 3167 namque
381 3087 435 3170 pio
457 3108 555 3152 eonor
576 3088 743 3172 disponere
757 3107 883 3151 versus:

119 3168 160 3232 Ei
181 3167 276 3250 mihi,
292 3169 376 3250 quod
396 3174 538 3235 nostrost
558 3192 674 3255 parvus
696 3171 732 3234 in
753 3189 806 3234 ore
828 3171 938 3236 sonus!

78 3251 140 3317 Sed
163 3254 271 3315 tamen
293 3252 408 3336 exiguo
431 3253 650 3337 quodcumque
672 3275 690 3317 e
710 3254 838 3336 pectore
859 3253 920 3318 rivi

120 3335 278 3417 Finxerit,
301 3334 362 3399 hoe
382 3336 505 3430 patriae
528 3337 644 3400 serviet
665 3357 759 3400 omne
779 3358 878 3402 meae.
1007 3349 1041 3400 60

78 3417 204 3484 Ennius
225 3418 349 3484 hirsuta
370 3422 479 3503 emgat
500 3441 558 3484 sua
578 3419 699 3501 †dieta
721 3439 852 3487 coronat
