<?xml version="1.0" encoding="UTF-8"?>
<!DOCTYPE html PUBLIC "-//W3C//DTD XHTML 1.0 Transitional//EN"
    "http://www.w3.org/TR/xhtml1/DTD/xhtml1-transitional.dtd">
<html xmlns="http://www.w3.org/1999/xhtml" xml:lang="en" lang="en">
 <head>
  <title>
</title>
<meta http-equiv="Content-Type" content="text/html;charset=utf-8" />
  <meta name='ocr-system' content='tesseract 3.04.00' />
  <meta name='ocr-capabilities' content='ocr_page ocr_carea ocr_par ocr_line ocrx_word'/>
</head>
<body>
  <div class='ocr_page' id='page_1' title='image "./qvaleriicatulli00catugoog_0244.png"; bbox 0 0 2302 3922; ppageno 0'>
   <div class='ocr_carea' id='block_1_1' title="bbox 91 202 1053 279">
    <p class='ocr_par' dir='ltr' id='par_1_1' title="bbox 91 202 1053 279">
     <span class='ocr_line' id='line_1_1' title="bbox 91 202 1053 279; baseline 0.003 -17"><span class='ocrx_word' id='word_1_1' title='bbox 91 206 178 279; x_wconf 74' lang='lat' dir='ltr'>vni]</span> <span class='ocrx_word' id='word_1_2' title='bbox 476 207 584 263; x_wconf 74' lang='lat' dir='ltr'>annu</span> <span class='ocrx_word' id='word_1_3' title='bbox 604 207 666 263; x_wconf 87' lang='lat' dir='ltr'>nu.</span> <span class='ocrx_word' id='word_1_4' title='bbox 1012 202 1053 265; x_wconf 79' lang='lat'>73</span> 
     </span>
    </p>
   </div>
   <div class='ocr_carea' id='block_1_2' title="bbox 16 365 1059 3538">
    <p class='ocr_par' dir='ltr' id='par_1_2' title="bbox 16 365 1059 3538">
     <span class='ocr_line' id='line_1_2' title="bbox 181 365 1052 452; baseline -0.006 -21"><span class='ocrx_word' id='word_1_5' title='bbox 181 370 242 451; x_wconf 90' lang='lat' dir='ltr'>est,</span> <span class='ocrx_word' id='word_1_6' title='bbox 258 368 342 452; x_wconf 89' lang='lat' dir='ltr'>quod</span> <span class='ocrx_word' id='word_1_7' title='bbox 355 390 396 432; x_wconf 89' lang='lat' dir='ltr'>ne</span> <span class='ocrx_word' id='word_1_8' title='bbox 418 389 510 452; x_wconf 90' lang='lat' dir='ltr'>ueas,</span> <span class='ocrx_word' id='word_1_9' title='bbox 525 368 622 452; x_wconf 87' lang='lat' dir='ltr'>capiti</span> <span class='ocrx_word' id='word_1_10' title='bbox 637 367 825 432; x_wconf 74' lang='lat' dir='ltr'>conmittere</span> <span class='ocrx_word' id='word_1_11' title='bbox 838 365 963 450; x_wconf 89' lang='lat' dir='ltr'>pondus</span> <span class='ocrx_word' id='word_1_12' title='bbox 1036 377 1052 426; x_wconf 82' lang='lat'><strong>5</strong></span> 
     </span>
     <span class='ocr_line' id='line_1_3' title="bbox 163 451 902 536; baseline -0.004 -20"><span class='ocrx_word' id='word_1_13' title='bbox 163 455 179 516; x_wconf 94' lang='lat' dir='ltr'>t</span> <span class='ocrx_word' id='word_1_14' title='bbox 198 474 342 535; x_wconf 88' lang='lat' dir='ltr'>pressum</span> <span class='ocrx_word' id='word_1_15' title='bbox 367 453 373 466; x_wconf 89' lang='lat'>&#39;</span> <span class='ocrx_word' id='word_1_16' title='bbox 422 473 480 517; x_wconf 81' lang='lat' dir='ltr'>exo</span> <span class='ocrx_word' id='word_1_17' title='bbox 502 472 577 516; x_wconf 87' lang='lat' dir='ltr'>mox</span> <span class='ocrx_word' id='word_1_18' title='bbox 598 451 672 516; x_wconf 88' lang='lat' dir='ltr'>dare</span> <span class='ocrx_word' id='word_1_19' title='bbox 694 454 786 536; x_wconf 83' lang='lat' dir='ltr'>terga</span> <span class='ocrx_word' id='word_1_20' title='bbox 808 472 902 535; x_wconf 82' lang='lat' dir='ltr'>genu.</span> 
     </span>
     <span class='ocr_line' id='line_1_4' title="bbox 93 534 941 619; baseline -0.004 -20"><span class='ocrx_word' id='word_1_21' title='bbox 93 535 209 600; x_wconf 88' lang='lat' dir='ltr'>Omnia</span> <span class='ocrx_word' id='word_1_22' title='bbox 229 557 296 599; x_wconf 92' lang='lat' dir='ltr'>non</span> <span class='ocrx_word' id='word_1_23' title='bbox 317 536 436 619; x_wconf 88' lang='lat' dir='ltr'>pariter</span> <span class='ocrx_word' id='word_1_24' title='bbox 457 557 563 599; x_wconf 91' lang='lat' dir='ltr'>rerum</span> <span class='ocrx_word' id='word_1_25' title='bbox 586 539 661 599; x_wconf 91' lang='lat' dir='ltr'>sunt</span> <span class='ocrx_word' id='word_1_26' title='bbox 682 534 829 598; x_wconf 90' lang='lat' dir='ltr'>omnibus</span> <span class='ocrx_word' id='word_1_27' title='bbox 851 536 941 616; x_wconf 91' lang='lat' dir='ltr'>apta,</span> 
     </span>
     <span class='ocr_line' id='line_1_5' title="bbox 134 618 835 702; baseline -0.003 -19"><span class='ocrx_word' id='word_1_28' title='bbox 134 619 233 683; x_wconf 87' lang='lat' dir='ltr'>Fama</span> <span class='ocrx_word' id='word_1_29' title='bbox 253 641 312 683; x_wconf 87' lang='lat' dir='ltr'>nec</span> <span class='ocrx_word' id='word_1_30' title='bbox 335 641 373 683; x_wconf 86' lang='lat' dir='ltr'>ex</span> <span class='ocrx_word' id='word_1_31' title='bbox 395 640 495 702; x_wconf 88' lang='lat' dir='ltr'>aequo</span> <span class='ocrx_word' id='word_1_32' title='bbox 518 619 642 683; x_wconf 86' lang='lat' dir='ltr'>ducitur</span> <span class='ocrx_word' id='word_1_33' title='bbox 663 618 730 681; x_wconf 90' lang='lat' dir='ltr'>ulla</span> <span class='ocrx_word' id='word_1_34' title='bbox 750 618 835 702; x_wconf 83' lang='lat' dir='ltr'>iugo.</span> 
     </span>
     <span class='ocr_line' id='line_1_6' title="bbox 93 701 866 786; baseline -0.005 -19"><span class='ocrx_word' id='word_1_35' title='bbox 93 701 205 767; x_wconf 80' lang='lat' dir='ltr'>Gloria</span> <span class='ocrx_word' id='word_1_36' title='bbox 225 702 399 786; x_wconf 79' lang='lat' dir='ltr'><strong>Lysippost</strong></span> <span class='ocrx_word' id='word_1_37' title='bbox 420 703 562 767; x_wconf 89' lang='lat' dir='ltr'>animosa</span> <span class='ocrx_word' id='word_1_38' title='bbox 584 703 736 786; x_wconf 85' lang='lat' dir='ltr'>effingere</span> <span class='ocrx_word' id='word_1_39' title='bbox 758 701 866 785; x_wconf 85' lang='lat' dir='ltr'>signa,</span> 
     </span>
     <span class='ocr_line' id='line_1_7' title="bbox 133 785 1055 867; baseline -0.009 -16"><span class='ocrx_word' id='word_1_40' title='bbox 133 785 264 851; x_wconf 77' lang='lat' dir='ltr'><strong>Exactis</strong></span> <span class='ocrx_word' id='word_1_41' title='bbox 286 785 424 850; x_wconf 78' lang='lat' dir='ltr'>Calamis</span> <span class='ocrx_word' id='word_1_42' title='bbox 446 808 480 850; x_wconf 88' lang='lat' dir='ltr'>se</span> <span class='ocrx_word' id='word_1_43' title='bbox 501 785 580 850; x_wconf 91' lang='lat' dir='ltr'>mihi</span> <span class='ocrx_word' id='word_1_44' title='bbox 601 787 700 849; x_wconf 89' lang='lat' dir='ltr'>iactat</span> <span class='ocrx_word' id='word_1_45' title='bbox 720 785 825 867; x_wconf 90' lang='lat' dir='ltr'>equis,</span> <span class='ocrx_word' id='word_1_46' title='bbox 1021 794 1055 844; x_wconf 85' lang='lat'>10</span> 
     </span>
     <span class='ocr_line' id='line_1_8' title="bbox 92 867 959 952; baseline -0.003 -18"><span class='ocrx_word' id='word_1_47' title='bbox 92 869 132 934; x_wconf 90' lang='lat' dir='ltr'>In</span> <span class='ocrx_word' id='word_1_48' title='bbox 152 869 287 933; x_wconf 89' lang='lat' dir='ltr'>Veneris</span> <span class='ocrx_word' id='word_1_49' title='bbox 308 870 417 934; x_wconf 91' lang='lat' dir='ltr'>tabula</span> <span class='ocrx_word' id='word_1_50' title='bbox 439 892 595 934; x_wconf 89' lang='lat' dir='ltr'>summam</span> <span class='ocrx_word' id='word_1_51' title='bbox 617 869 679 933; x_wconf 84' lang='lat' dir='ltr'>sibi</span> <span class='ocrx_word' id='word_1_52' title='bbox 700 870 792 952; x_wconf 92' lang='lat' dir='ltr'>ponit</span> <span class='ocrx_word' id='word_1_53' title='bbox 813 867 959 950; x_wconf 86' lang='lat' dir='ltr'>Apelles,</span> 
     </span>
     <span class='ocr_line' id='line_1_9' title="bbox 135 952 832 1036; baseline -0.004 -19"><span class='ocrx_word' id='word_1_54' title='bbox 135 952 321 1017; x_wconf 87' lang='lat' dir='ltr'>Parrhasius</span> <span class='ocrx_word' id='word_1_55' title='bbox 343 975 439 1036; x_wconf 90' lang='lat' dir='ltr'>parva</span> <span class='ocrx_word' id='word_1_56' title='bbox 459 954 601 1018; x_wconf 90' lang='lat' dir='ltr'>vindicat</span> <span class='ocrx_word' id='word_1_57' title='bbox 622 955 689 1016; x_wconf 87' lang='lat' dir='ltr'>arte</span> <span class='ocrx_word' id='word_1_58' title='bbox 712 953 832 1033; x_wconf 92' lang='lat' dir='ltr'>locum,</span> 
     </span>
     <span class='ocr_line' id='line_1_10' title="bbox 94 1034 979 1182; baseline -0.002 -83"><span class='ocrx_word' id='word_1_59' title='bbox 94 1037 294 1182; x_wconf 45' lang='lat' dir='ltr'>Arguipffnta</span> <span class='ocrx_word' id='word_1_60' title='bbox 315 1038 419 1121; x_wconf 85' lang='lat' dir='ltr'>magis</span> <span class='ocrx_word' id='word_1_61' title='bbox 441 1042 516 1101; x_wconf 90' lang='lat' dir='ltr'>sunt</span> <span class='ocrx_word' id='word_1_62' title='bbox 537 1037 692 1101; x_wconf 90' lang='lat' dir='ltr'>Mentoris</span> <span class='ocrx_word' id='word_1_63' title='bbox 715 1034 821 1099; x_wconf 90' lang='lat' dir='ltr'>addita</span> <span class='ocrx_word' id='word_1_64' title='bbox 842 1034 979 1116; x_wconf 88' lang='lat' dir='ltr'>formae,</span> 
     </span>
     <span class='ocr_line' id='line_1_11' title="bbox 137 1117 859 1204; baseline -0.006 -20"><span class='ocrx_word' id='word_1_65' title='bbox 137 1123 181 1184; x_wconf 92' lang='lat' dir='ltr'>At</span> <span class='ocrx_word' id='word_1_66' title='bbox 236 1142 294 1203; x_wconf 84' lang='lat' dir='ltr'>yos</span> <span class='ocrx_word' id='word_1_67' title='bbox 317 1121 466 1204; x_wconf 83' lang='lat' dir='ltr'>exiguum</span> <span class='ocrx_word' id='word_1_68' title='bbox 486 1121 587 1185; x_wconf 89' lang='lat' dir='ltr'>flectit</span> <span class='ocrx_word' id='word_1_69' title='bbox 608 1117 759 1184; x_wconf 74' lang='lat' dir='ltr'>acanthus</span> <span class='ocrx_word' id='word_1_70' title='bbox 781 1119 859 1200; x_wconf 91' lang='lat' dir='ltr'>iter,</span> 
     </span>
     <span class='ocr_line' id='line_1_12' title="bbox 93 1202 1055 1288; baseline -0.006 -22"><span class='ocrx_word' id='word_1_71' title='bbox 93 1202 263 1267; x_wconf 88' lang='lat' dir='ltr'>Phidiacus</span> <span class='ocrx_word' id='word_1_72' title='bbox 286 1204 378 1288; x_wconf 87' lang='lat' dir='ltr'>signo</span> <span class='ocrx_word' id='word_1_73' title='bbox 401 1226 435 1267; x_wconf 89' lang='lat' dir='ltr'>se</span> <span class='ocrx_word' id='word_1_74' title='bbox 454 1203 599 1287; x_wconf 89' lang='lat' dir='ltr'>Iuppiter</span> <span class='ocrx_word' id='word_1_75' title='bbox 620 1206 713 1267; x_wconf 87' lang='lat' dir='ltr'>ornat</span> <span class='ocrx_word' id='word_1_76' title='bbox 735 1202 853 1266; x_wconf 89' lang='lat' dir='ltr'>eburno</span> <span class='ocrx_word' id='word_1_77' title='bbox 859 1249 868 1284; x_wconf 90' lang='lat'>,</span> <span class='ocrx_word' id='word_1_78' title='bbox 1023 1210 1055 1261; x_wconf 78' lang='lat'>15</span> 
     </span>
     <span class='ocr_line' id='line_1_13' title="bbox 136 1286 841 1371; baseline -0.003 -21"><span class='ocrx_word' id='word_1_79' title='bbox 136 1287 319 1351; x_wconf 84' lang='lat' dir='ltr'>Praxitelen</span> <span class='ocrx_word' id='word_1_80' title='bbox 340 1287 469 1371; x_wconf 87' lang='lat' dir='ltr'>propria</span> <span class='ocrx_word' id='word_1_81' title='bbox 489 1287 631 1351; x_wconf 83' lang='lat' dir='ltr'>vindicat</span> <span class='ocrx_word' id='word_1_82' title='bbox 651 1287 729 1350; x_wconf 88' lang='lat' dir='ltr'>urbe</span> <span class='ocrx_word' id='word_1_83' title='bbox 751 1286 841 1368; x_wconf 91' lang='lat' dir='ltr'>lapis.</span> 
     </span>
     <span class='ocr_line' id='line_1_14' title="bbox 94 1367 928 1454; baseline -0.005 -19"><span class='ocrx_word' id='word_1_84' title='bbox 94 1369 155 1435; x_wconf 83' lang='lat' dir='ltr'>Est</span> <span class='ocrx_word' id='word_1_85' title='bbox 177 1370 290 1454; x_wconf 87' lang='lat' dir='ltr'>quibus</span> <span class='ocrx_word' id='word_1_86' title='bbox 312 1371 409 1435; x_wconf 81' lang='lat' dir='ltr'>Eleae</span> <span class='ocrx_word' id='word_1_87' title='bbox 432 1371 593 1434; x_wconf 77' lang='lat' dir='ltr'>concurrit</span> <span class='ocrx_word' id='word_1_88' title='bbox 613 1371 722 1454; x_wconf 89' lang='lat' dir='ltr'>palma</span> <span class='ocrx_word' id='word_1_89' title='bbox 741 1367 928 1452; x_wconf 83' lang='lat' dir='ltr'>quadrigae,</span> 
     </span>
     <span class='ocr_line' id='line_1_15' title="bbox 136 1452 881 1538; baseline -0.003 -21"><span class='ocrx_word' id='word_1_90' title='bbox 136 1453 198 1517; x_wconf 82' lang='lat' dir='ltr'>Est</span> <span class='ocrx_word' id='word_1_91' title='bbox 219 1455 332 1537; x_wconf 89' lang='lat' dir='ltr'>quibus</span> <span class='ocrx_word' id='word_1_92' title='bbox 354 1455 389 1517; x_wconf 94' lang='lat' dir='ltr'>in</span> <span class='ocrx_word' id='word_1_93' title='bbox 411 1456 527 1519; x_wconf 87' lang='lat' dir='ltr'>celeres</span> <span class='ocrx_word' id='word_1_94' title='bbox 549 1454 652 1538; x_wconf 83' lang='lat' dir='ltr'>gloria</span> <span class='ocrx_word' id='word_1_95' title='bbox 672 1457 750 1517; x_wconf 89' lang='lat' dir='ltr'>nata</span> <span class='ocrx_word' id='word_1_96' title='bbox 770 1452 881 1536; x_wconf 80' lang='lat' dir='ltr'>pedes3</span> 
     </span>
     <span class='ocr_line' id='line_1_16' title="bbox 94 1534 1025 1621; baseline -0.004 -21"><span class='ocrx_word' id='word_1_97' title='bbox 94 1535 157 1600; x_wconf 93' lang='lat' dir='ltr'>Hic</span> <span class='ocrx_word' id='word_1_98' title='bbox 180 1541 267 1602; x_wconf 88' lang='lat' dir='ltr'>satus</span> <span class='ocrx_word' id='word_1_99' title='bbox 288 1539 328 1601; x_wconf 89' lang='lat' dir='ltr'>ad</span> <span class='ocrx_word' id='word_1_100' title='bbox 348 1558 474 1621; x_wconf 87' lang='lat' dir='ltr'>pacem,</span> <span class='ocrx_word' id='word_1_101' title='bbox 496 1537 549 1602; x_wconf 91' lang='lat' dir='ltr'>hic</span> <span class='ocrx_word' id='word_1_102' title='bbox 571 1537 783 1602; x_wconf 77' lang='lat' dir='ltr'>castrensibus</span> <span class='ocrx_word' id='word_1_103' title='bbox 804 1535 892 1600; x_wconf 89' lang='lat' dir='ltr'>utilis</span> <span class='ocrx_word' id='word_1_104' title='bbox 914 1534 1025 1598; x_wconf 88' lang='lat' dir='ltr'>armis:</span> 
     </span>
     <span class='ocr_line' id='line_1_17' title="bbox 136 1620 1057 1705; baseline -0.009 -19"><span class='ocrx_word' id='word_1_105' title='bbox 136 1620 278 1686; x_wconf 82' lang='lat' dir='ltr'>Naturae</span> <span class='ocrx_word' id='word_1_106' title='bbox 300 1623 441 1704; x_wconf 88' lang='lat' dir='ltr'>sequitur</span> <span class='ocrx_word' id='word_1_107' title='bbox 463 1622 584 1685; x_wconf 88' lang='lat' dir='ltr'>semina</span> <span class='ocrx_word' id='word_1_108' title='bbox 606 1621 738 1705; x_wconf 89' lang='lat' dir='ltr'>quisque</span> <span class='ocrx_word' id='word_1_109' title='bbox 761 1641 845 1684; x_wconf 91' lang='lat' dir='ltr'>suae.</span> <span class='ocrx_word' id='word_1_110' title='bbox 1023 1630 1057 1679; x_wconf 84' lang='lat'>20</span> 
     </span>
     <span class='ocr_line' id='line_1_18' title="bbox 95 1702 875 1789; baseline -0.001 -22"><span class='ocrx_word' id='word_1_111' title='bbox 95 1705 141 1767; x_wconf 86' lang='lat' dir='ltr'>At</span> <span class='ocrx_word' id='word_1_112' title='bbox 162 1707 231 1788; x_wconf 87' lang='lat' dir='ltr'>tua,</span> <span class='ocrx_word' id='word_1_113' title='bbox 254 1705 438 1787; x_wconf 85' lang='lat' dir='ltr'>Maecenas,</span> <span class='ocrx_word' id='word_1_114' title='bbox 459 1707 543 1769; x_wconf 80' lang='lat' dir='ltr'>vitae</span> <span class='ocrx_word' id='word_1_115' title='bbox 564 1708 733 1789; x_wconf 90' lang='lat' dir='ltr'>praecepta</span> <span class='ocrx_word' id='word_1_116' title='bbox 753 1702 875 1786; x_wconf 84' lang='lat' dir='ltr'>recepi,</span> 
     </span>
     <span class='ocr_line' id='line_1_19' title="bbox 138 1787 791 1873; baseline -0.003 -21"><span class='ocrx_word' id='word_1_117' title='bbox 138 1787 245 1873; x_wconf 81' lang='lat' dir='ltr'>Cogor</span> <span class='ocrx_word' id='word_1_118' title='bbox 267 1791 299 1853; x_wconf 92' lang='lat' dir='ltr'>et</span> <span class='ocrx_word' id='word_1_119' title='bbox 321 1790 473 1872; x_wconf 78' lang='lat' dir='ltr'>exemplis</span> <span class='ocrx_word' id='word_1_120' title='bbox 494 1792 527 1853; x_wconf 93' lang='lat' dir='ltr'>te</span> <span class='ocrx_word' id='word_1_121' title='bbox 549 1810 696 1872; x_wconf 88' lang='lat' dir='ltr'>superare</span> <span class='ocrx_word' id='word_1_122' title='bbox 718 1788 791 1851; x_wconf 87' lang='lat' dir='ltr'>tuis.</span> 
     </span>
     <span class='ocr_line' id='line_1_20' title="bbox 97 1869 938 1936; baseline -0.005 0"><span class='ocrx_word' id='word_1_123' title='bbox 97 1869 179 1936; x_wconf 90' lang='lat' dir='ltr'>Cum</span> <span class='ocrx_word' id='word_1_124' title='bbox 200 1872 261 1934; x_wconf 91' lang='lat' dir='ltr'>tibi</span> <span class='ocrx_word' id='word_1_125' title='bbox 281 1871 427 1935; x_wconf 84' lang='lat' dir='ltr'>Romano</span> <span class='ocrx_word' id='word_1_126' title='bbox 450 1872 594 1935; x_wconf 89' lang='lat' dir='ltr'>dominas</span> <span class='ocrx_word' id='word_1_127' title='bbox 615 1873 650 1934; x_wconf 91' lang='lat' dir='ltr'>in</span> <span class='ocrx_word' id='word_1_128' title='bbox 671 1871 792 1934; x_wconf 91' lang='lat' dir='ltr'>honore</span> <span class='ocrx_word' id='word_1_129' title='bbox 814 1889 938 1933; x_wconf 87' lang='lat' dir='ltr'>secures</span> 
     </span>
     <span class='ocr_line' id='line_1_21' title="bbox 139 1953 762 2037; baseline 0 -21"><span class='ocrx_word' id='word_1_130' title='bbox 139 1953 185 2017; x_wconf 79' lang='lat' dir='ltr'>Et</span> <span class='ocrx_word' id='word_1_131' title='bbox 205 1954 301 2020; x_wconf 81' lang='lat' dir='ltr'>Hceat</span> <span class='ocrx_word' id='word_1_132' title='bbox 321 1955 425 2017; x_wconf 87' lang='lat' dir='ltr'>medio</span> <span class='ocrx_word' id='word_1_133' title='bbox 447 1975 566 2037; x_wconf 90' lang='lat' dir='ltr'>ponere</span> <span class='ocrx_word' id='word_1_134' title='bbox 587 1955 656 2017; x_wconf 87' lang='lat' dir='ltr'>iura</span> <span class='ocrx_word' id='word_1_135' title='bbox 678 1955 762 2034; x_wconf 83' lang='lat' dir='ltr'>foro,</span> 
     </span>
     <span class='ocr_line' id='line_1_22' title="bbox 95 2036 1057 2121; baseline -0.006 -20"><span class='ocrx_word' id='word_1_136' title='bbox 95 2036 157 2101; x_wconf 89' lang='lat' dir='ltr'>Vel</span> <span class='ocrx_word' id='word_1_137' title='bbox 179 2037 238 2100; x_wconf 87' lang='lat' dir='ltr'>tibi</span> <span class='ocrx_word' id='word_1_138' title='bbox 260 2036 427 2101; x_wconf 86' lang='lat' dir='ltr'>Medorum</span> <span class='ocrx_word' id='word_1_139' title='bbox 447 2058 609 2121; x_wconf 87' lang='lat' dir='ltr'>pugnaces</span> <span class='ocrx_word' id='word_1_140' title='bbox 630 2038 677 2100; x_wconf 90' lang='lat' dir='ltr'>irc</span> <span class='ocrx_word' id='word_1_141' title='bbox 697 2058 755 2119; x_wconf 90' lang='lat' dir='ltr'>per</span> <span class='ocrx_word' id='word_1_142' title='bbox 775 2036 882 2099; x_wconf 90' lang='lat' dir='ltr'>hastas</span> <span class='ocrx_word' id='word_1_143' title='bbox 1024 2046 1057 2096; x_wconf 79' lang='lat'>25</span> 
     </span>
     <span class='ocr_line' id='line_1_23' title="bbox 138 2119 943 2203; baseline -0.002 -20"><span class='ocrx_word' id='word_1_144' title='bbox 138 2122 245 2202; x_wconf 87' lang='lat' dir='ltr'>Atque</span> <span class='ocrx_word' id='word_1_145' title='bbox 267 2141 398 2184; x_wconf 89' lang='lat' dir='ltr'>onerare</span> <span class='ocrx_word' id='word_1_146' title='bbox 419 2122 507 2184; x_wconf 90' lang='lat' dir='ltr'>tuam</span> <span class='ocrx_word' id='word_1_147' title='bbox 528 2121 591 2183; x_wconf 87' lang='lat' dir='ltr'>fixa</span> <span class='ocrx_word' id='word_1_148' title='bbox 611 2142 668 2203; x_wconf 91' lang='lat' dir='ltr'>per</span> <span class='ocrx_word' id='word_1_149' title='bbox 690 2140 778 2182; x_wconf 89' lang='lat' dir='ltr'>arma</span> <span class='ocrx_word' id='word_1_150' title='bbox 800 2119 943 2199; x_wconf 88' lang='lat' dir='ltr'>domum,</span> 
     </span>
     <span class='ocr_line' id='line_1_24' title="bbox 16 2202 931 2280; baseline -0.001 -14"><span class='ocrx_word' id='word_1_151' title='bbox 16 2276 18 2280; x_wconf 7' lang='grc' dir='ltr'>ἱ</span> <span class='ocrx_word' id='word_1_152' title='bbox 96 2203 140 2267; x_wconf 79' lang='lat' dir='ltr'>llt</span> <span class='ocrx_word' id='word_1_153' title='bbox 160 2204 220 2266; x_wconf 90' lang='lat' dir='ltr'>tibi</span> <span class='ocrx_word' id='word_1_154' title='bbox 242 2204 282 2267; x_wconf 88' lang='lat' dir='ltr'>ad</span> <span class='ocrx_word' id='word_1_155' title='bbox 303 2203 450 2267; x_wconf 89' lang='lat' dir='ltr'>effectum</span> <span class='ocrx_word' id='word_1_156' title='bbox 471 2204 554 2268; x_wconf 86' lang='lat' dir='ltr'>vires</span> <span class='ocrx_word' id='word_1_157' title='bbox 576 2204 630 2267; x_wconf 89' lang='lat' dir='ltr'>det</span> <span class='ocrx_word' id='word_1_158' title='bbox 652 2202 769 2268; x_wconf 89' lang='lat' dir='ltr'>Caesar</span> <span class='ocrx_word' id='word_1_159' title='bbox 791 2205 823 2266; x_wconf 91' lang='lat' dir='ltr'>et</span> <span class='ocrx_word' id='word_1_160' title='bbox 843 2202 931 2266; x_wconf 90' lang='lat' dir='ltr'>omni</span> 
     </span>
     <span class='ocr_line' id='line_1_25' title="bbox 139 2285 854 2370; baseline -0.001 -20"><span class='ocrx_word' id='word_1_161' title='bbox 139 2285 295 2370; x_wconf 82' lang='lat' dir='ltr'>Tempore</span> <span class='ocrx_word' id='word_1_162' title='bbox 316 2290 384 2350; x_wconf 88' lang='lat' dir='ltr'>tam</span> <span class='ocrx_word' id='word_1_163' title='bbox 405 2287 516 2350; x_wconf 86' lang='lat' dir='ltr'>faciles</span> <span class='ocrx_word' id='word_1_164' title='bbox 537 2287 741 2351; x_wconf 90' lang='lat' dir='ltr'>insinuentur</span> <span class='ocrx_word' id='word_1_165' title='bbox 762 2307 854 2369; x_wconf 90' lang='lat' dir='ltr'>opes,</span> 
     </span>
     <span class='ocr_line' id='line_1_26' title="bbox 96 2369 987 2454; baseline -0.002 -20"><span class='ocrx_word' id='word_1_166' title='bbox 96 2369 205 2434; x_wconf 89' lang='lat' dir='ltr'>Parcis</span> <span class='ocrx_word' id='word_1_167' title='bbox 228 2374 260 2435; x_wconf 91' lang='lat' dir='ltr'>et</span> <span class='ocrx_word' id='word_1_168' title='bbox 275 2371 315 2434; x_wconf 78' lang='lat' dir='ltr'>&#39;in</span> <span class='ocrx_word' id='word_1_169' title='bbox 336 2374 447 2434; x_wconf 90' lang='lat' dir='ltr'>tenues</span> <span class='ocrx_word' id='word_1_170' title='bbox 469 2370 621 2434; x_wconf 90' lang='lat' dir='ltr'>humilem</span> <span class='ocrx_word' id='word_1_171' title='bbox 642 2374 675 2434; x_wconf 90' lang='lat' dir='ltr'>te</span> <span class='ocrx_word' id='word_1_172' title='bbox 697 2370 822 2454; x_wconf 84' lang='lat' dir='ltr'>colligis</span> <span class='ocrx_word' id='word_1_173' title='bbox 844 2369 987 2432; x_wconf 89' lang='lat' dir='ltr'>umbras:</span> 
     </span>
     <span class='ocr_line' id='line_1_27' title="bbox 138 2453 1059 2538; baseline -0.005 -20"><span class='ocrx_word' id='word_1_174' title='bbox 138 2454 292 2518; x_wconf 87' lang='lat' dir='ltr'>Velorum</span> <span class='ocrx_word' id='word_1_175' title='bbox 312 2455 424 2538; x_wconf 89' lang='lat' dir='ltr'>plenos</span> <span class='ocrx_word' id='word_1_176' title='bbox 447 2453 604 2518; x_wconf 81' lang='lat' dir='ltr'>subtrahis</span> <span class='ocrx_word' id='word_1_177' title='bbox 626 2455 694 2537; x_wconf 90' lang='lat' dir='ltr'>ipse</span> <span class='ocrx_word' id='word_1_178' title='bbox 717 2454 816 2517; x_wconf 88' lang='lat' dir='ltr'>sinus.</span> <span class='ocrx_word' id='word_1_179' title='bbox 1025 2463 1059 2514; x_wconf 80' lang='lat'>30</span> 
     </span>
     <span class='ocr_line' id='line_1_28' title="bbox 96 2535 931 2632; baseline -0.002 -31"><span class='ocrx_word' id='word_1_180' title='bbox 96 2535 198 2602; x_wconf 81' lang='lat' dir='ltr'>Crede</span> <span class='ocrx_word' id='word_1_181' title='bbox 219 2537 314 2620; x_wconf 89' lang='lat' dir='ltr'>mihi,</span> <span class='ocrx_word' id='word_1_182' title='bbox 337 2558 471 2632; x_wconf 77' lang='lat' dir='ltr'>magnos</span> <span class='ocrx_word' id='word_1_183' title='bbox 493 2538 673 2620; x_wconf 88' lang='lat' dir='ltr'>aequabunt</span> <span class='ocrx_word' id='word_1_184' title='bbox 694 2538 757 2600; x_wconf 91' lang='lat' dir='ltr'>ista</span> <span class='ocrx_word' id='word_1_185' title='bbox 778 2536 931 2602; x_wconf 89' lang='lat' dir='ltr'>Camillos</span> 
     </span>
     <span class='ocr_line' id='line_1_29' title="bbox 139 2619 921 2704; baseline 0.001 -22"><span class='ocrx_word' id='word_1_186' title='bbox 139 2619 262 2685; x_wconf 85' lang='lat' dir='ltr'>Iudicia</span> <span class='ocrx_word' id='word_1_187' title='bbox 283 2624 315 2684; x_wconf 89' lang='lat' dir='ltr'>et</span> <span class='ocrx_word' id='word_1_188' title='bbox 336 2641 443 2684; x_wconf 85' lang='lat' dir='ltr'>vernes</span> <span class='ocrx_word' id='word_1_189' title='bbox 465 2624 501 2684; x_wconf 92' lang='lat' dir='ltr'>tu</span> <span class='ocrx_word' id='word_1_190' title='bbox 523 2642 647 2704; x_wconf 90' lang='lat' dir='ltr'>quoque</span> <span class='ocrx_word' id='word_1_191' title='bbox 668 2621 704 2684; x_wconf 94' lang='lat' dir='ltr'>in</span> <span class='ocrx_word' id='word_1_192' title='bbox 726 2641 782 2685; x_wconf 88' lang='lat' dir='ltr'>ora</span> <span class='ocrx_word' id='word_1_193' title='bbox 803 2620 921 2702; x_wconf 83' lang='lat' dir='ltr'>virum,</span> 
     </span>
     <span class='ocr_line' id='line_1_30' title="bbox 96 2703 865 2788; baseline -0.004 -18"><span class='ocrx_word' id='word_1_194' title='bbox 96 2703 240 2770; x_wconf 83' lang='lat' dir='ltr'>Caesaris</span> <span class='ocrx_word' id='word_1_195' title='bbox 263 2706 296 2768; x_wconf 88' lang='lat' dir='ltr'>et</span> <span class='ocrx_word' id='word_1_196' title='bbox 316 2703 420 2768; x_wconf 84' lang='lat' dir='ltr'>famae</span> <span class='ocrx_word' id='word_1_197' title='bbox 441 2704 578 2788; x_wconf 81' lang='lat' dir='ltr'>vestigia</span> <span class='ocrx_word' id='word_1_198' title='bbox 599 2705 708 2769; x_wconf 87' lang='lat' dir='ltr'>iuncta</span> <span class='ocrx_word' id='word_1_199' title='bbox 728 2704 865 2768; x_wconf 84' lang='lat' dir='ltr'>tenebis:</span> 
     </span>
     <span class='ocr_line' id='line_1_31' title="bbox 138 2785 803 2871; baseline 0 -20"><span class='ocrx_word' id='word_1_200' title='bbox 138 2787 332 2852; x_wconf 87' lang='lat' dir='ltr'>Maecenatis</span> <span class='ocrx_word' id='word_1_201' title='bbox 355 2791 449 2852; x_wconf 89' lang='lat' dir='ltr'>erunt</span> <span class='ocrx_word' id='word_1_202' title='bbox 469 2810 543 2852; x_wconf 83' lang='lat' dir='ltr'>vera</span> <span class='ocrx_word' id='word_1_203' title='bbox 563 2791 696 2871; x_wconf 90' lang='lat' dir='ltr'>tropaea</span> <span class='ocrx_word' id='word_1_204' title='bbox 715 2785 803 2852; x_wconf 85' lang='lat' dir='ltr'>fides.</span> 
     </span>
     <span class='ocr_line' id='line_1_32' title="bbox 95 2870 1059 2956; baseline -0.005 -19"><span class='ocrx_word' id='word_1_205' title='bbox 95 2870 173 2937; x_wconf 91' lang='lat' dir='ltr'>Non</span> <span class='ocrx_word' id='word_1_206' title='bbox 195 2893 256 2956; x_wconf 82' lang='lat' dir='ltr'>ego</span> <span class='ocrx_word' id='word_1_207' title='bbox 278 2871 408 2937; x_wconf 86' lang='lat' dir='ltr'>velifera</span> <span class='ocrx_word' id='word_1_208' title='bbox 428 2871 584 2936; x_wconf 91' lang='lat' dir='ltr'>tumidum</span> <span class='ocrx_word' id='word_1_209' title='bbox 605 2893 692 2935; x_wconf 90' lang='lat' dir='ltr'>mare</span> <span class='ocrx_word' id='word_1_210' title='bbox 712 2871 799 2935; x_wconf 88' lang='lat' dir='ltr'>findo</span> <span class='ocrx_word' id='word_1_211' title='bbox 822 2871 944 2934; x_wconf 90' lang='lat' dir='ltr'>carina:</span> <span class='ocrx_word' id='word_1_212' title='bbox 1025 2882 1059 2932; x_wconf 74' lang='lat'>8⁶</span> 
     </span>
     <span class='ocr_line' id='line_1_33' title="bbox 139 2954 877 3040; baseline -0.001 -22"><span class='ocrx_word' id='word_1_213' title='bbox 139 2954 224 3018; x_wconf 86' lang='lat' dir='ltr'>Tuta</span> <span class='ocrx_word' id='word_1_214' title='bbox 246 2955 304 3019; x_wconf 91' lang='lat' dir='ltr'>sub</span> <span class='ocrx_word' id='word_1_215' title='bbox 328 2957 443 3040; x_wconf 81' lang='lat' dir='ltr'>exiguo</span> <span class='ocrx_word' id='word_1_216' title='bbox 465 2956 596 3019; x_wconf 90' lang='lat' dir='ltr'>flumine</span> <span class='ocrx_word' id='word_1_217' title='bbox 617 2958 727 3020; x_wconf 89' lang='lat' dir='ltr'>nostra</span> <span class='ocrx_word' id='word_1_218' title='bbox 748 2959 877 3018; x_wconf 85' lang='lat' dir='ltr'>morast.</span> 
     </span>
     <span class='ocr_line' id='line_1_34' title="bbox 95 3036 918 3122; baseline -0.004 -20"><span class='ocrx_word' id='word_1_219' title='bbox 95 3036 173 3102; x_wconf 92' lang='lat' dir='ltr'>Non</span> <span class='ocrx_word' id='word_1_220' title='bbox 193 3038 276 3102; x_wconf 88' lang='lat' dir='ltr'>flebo</span> <span class='ocrx_word' id='word_1_221' title='bbox 298 3038 334 3101; x_wconf 93' lang='lat' dir='ltr'>in</span> <span class='ocrx_word' id='word_1_222' title='bbox 355 3039 476 3102; x_wconf 88' lang='lat' dir='ltr'>cineres</span> <span class='ocrx_word' id='word_1_223' title='bbox 499 3061 603 3102; x_wconf 88' lang='lat' dir='ltr'>arcem</span> <span class='ocrx_word' id='word_1_224' title='bbox 627 3039 745 3103; x_wconf 88' lang='lat' dir='ltr'>sedisse</span> <span class='ocrx_word' id='word_1_225' title='bbox 766 3041 918 3122; x_wconf 84' lang='lat' dir='ltr'>paternos</span> 
     </span>
     <span class='ocr_line' id='line_1_35' title="bbox 140 3119 834 3205; baseline -0.004 -19"><span class='ocrx_word' id='word_1_226' title='bbox 140 3119 252 3186; x_wconf 90' lang='lat' dir='ltr'>Cadmi</span> <span class='ocrx_word' id='word_1_227' title='bbox 273 3142 333 3184; x_wconf 88' lang='lat' dir='ltr'>nec</span> <span class='ocrx_word' id='word_1_228' title='bbox 355 3125 477 3204; x_wconf 89' lang='lat' dir='ltr'>septem</span> <span class='ocrx_word' id='word_1_229' title='bbox 498 3123 619 3205; x_wconf 88' lang='lat' dir='ltr'>proclia</span> <span class='ocrx_word' id='word_1_230' title='bbox 641 3122 729 3186; x_wconf 89' lang='lat' dir='ltr'>clade</span> <span class='ocrx_word' id='word_1_231' title='bbox 750 3121 834 3205; x_wconf 91' lang='lat' dir='ltr'>pari,</span> 
     </span>
     <span class='ocr_line' id='line_1_36' title="bbox 96 3203 1001 3290; baseline -0.001 -21"><span class='ocrx_word' id='word_1_232' title='bbox 96 3203 168 3269; x_wconf 89' lang='lat' dir='ltr'>Neo</span> <span class='ocrx_word' id='word_1_233' title='bbox 190 3205 326 3268; x_wconf 83' lang='lat' dir='ltr'>referam</span> <span class='ocrx_word' id='word_1_234' title='bbox 348 3203 463 3268; x_wconf 82' lang='lat' dir='ltr'>Scaeas</span> <span class='ocrx_word' id='word_1_235' title='bbox 486 3210 518 3270; x_wconf 93' lang='lat' dir='ltr'>et</span> <span class='ocrx_word' id='word_1_236' title='bbox 538 3205 694 3290; x_wconf 84' lang='lat' dir='ltr'>Pergama</span> <span class='ocrx_word' id='word_1_237' title='bbox 715 3203 876 3287; x_wconf 87' lang='lat' dir='ltr'>Apollinis</span> <span class='ocrx_word' id='word_1_238' title='bbox 899 3223 1001 3288; x_wconf 87' lang='lat' dir='ltr'>arces,</span> 
     </span>
     <span class='ocr_line' id='line_1_37' title="bbox 138 3286 1059 3368; baseline -0.002 -17"><span class='ocrx_word' id='word_1_239' title='bbox 138 3287 184 3351; x_wconf 79' lang='lat' dir='ltr'>Ilt</span> <span class='ocrx_word' id='word_1_240' title='bbox 202 3287 351 3352; x_wconf 90' lang='lat' dir='ltr'>Danaum</span> <span class='ocrx_word' id='word_1_241' title='bbox 374 3286 495 3351; x_wconf 90' lang='lat' dir='ltr'>decimo</span> <span class='ocrx_word' id='word_1_242' title='bbox 517 3310 591 3352; x_wconf 89' lang='lat' dir='ltr'>vere</span> <span class='ocrx_word' id='word_1_243' title='bbox 611 3288 730 3352; x_wconf 88' lang='lat' dir='ltr'>redisse</span> <span class='ocrx_word' id='word_1_244' title='bbox 751 3289 851 3368; x_wconf 88' lang='lat' dir='ltr'>rates,</span> <span class='ocrx_word' id='word_1_245' title='bbox 1025 3300 1059 3349; x_wconf 83' lang='lat'>40</span> 
     </span>
     <span class='ocr_line' id='line_1_38' title="bbox 95 3369 885 3454; baseline -0.001 -19"><span class='ocrx_word' id='word_1_246' title='bbox 95 3369 224 3435; x_wconf 90' lang='lat' dir='ltr'>Moenia</span> <span class='ocrx_word' id='word_1_247' title='bbox 247 3392 319 3435; x_wconf 91' lang='lat' dir='ltr'>cum</span> <span class='ocrx_word' id='word_1_248' title='bbox 341 3369 438 3433; x_wconf 83' lang='lat' dir='ltr'>Graio</span> <span class='ocrx_word' id='word_1_249' title='bbox 459 3370 623 3454; x_wconf 87' lang='lat' dir='ltr'>Neptunia</span> <span class='ocrx_word' id='word_1_250' title='bbox 643 3371 759 3453; x_wconf 88' lang='lat' dir='ltr'>pressit</span> <span class='ocrx_word' id='word_1_251' title='bbox 781 3373 885 3434; x_wconf 86' lang='lat' dir='ltr'>aratro</span> 
     </span>
     <span class='ocr_line' id='line_1_39' title="bbox 160 3453 829 3538; baseline -0.004 -18"><span class='ocrx_word' id='word_1_252' title='bbox 160 3455 272 3521; x_wconf 89' lang='lat' dir='ltr'>Victor</span> <span class='ocrx_word' id='word_1_253' title='bbox 293 3453 454 3518; x_wconf 89' lang='lat' dir='ltr'>Palladiae</span> <span class='ocrx_word' id='word_1_254' title='bbox 476 3454 600 3538; x_wconf 82' lang='lat' dir='ltr'>ligneus</span> <span class='ocrx_word' id='word_1_255' title='bbox 623 3454 700 3517; x_wconf 89' lang='lat' dir='ltr'>artis</span> <span class='ocrx_word' id='word_1_256' title='bbox 722 3475 829 3538; x_wconf 83' lang='lat' dir='ltr'>equus.</span> 
     </span>
    </p>
   </div>
   <div class='ocr_carea' id='block_1_3' title="bbox 0 0 1161 3922">
    <p class='ocr_par' dir='ltr' id='par_1_3' title="bbox 0 0 1161 3922">
     <span class='ocr_line' id='line_1_40' title="bbox 0 0 1161 3922; baseline 0 0"><span class='ocrx_word' id='word_1_257' title='bbox 0 0 1161 3922; x_wconf 95' lang='lat' dir='ltr'> </span> 
     </span>
    </p>
   </div>
  </div>
 </body>
</html>
