2302 3922
100 226 162 299 vi]
488 224 597 280 nnnc
618 225 666 279 111.
1022 219 1066 285 43

101 387 271 453 Armenias
293 387 392 471 tigres
415 388 448 449 el
467 385 569 449 fulvas
591 385 645 449 ille
667 387 793 451 leaenas
1032 395 1065 447 15

143 471 233 536 vicia
254 474 287 534 ei
307 469 472 534 indomitis
494 470 604 533 mollia
626 470 721 533 corda
742 470 839 535 <ledia

101 554 191 619 Haec
212 554 314 618 Amor
336 557 368 617 ef
389 553 509 617 maiora
530 553 623 617 valet.
657 554 711 617 sed
732 554 855 637 poscite
876 552 996 617 Bacchi

144 638 292 703 Munera:
316 659 409 720 quem
430 640 571 701 vestrum
592 637 706 719 pocula
729 638 812 701 sicca
833 637 965 700 iuvant?

102 722 263 788 Convenit
284 743 323 785 ex
345 742 445 804 aequo
467 742 527 784 nec
548 723 656 784 torvus
678 720 773 784 Liber
795 722 830 785 in
851 721 931 804 illis,

146 805 207 881 Qui
229 826 263 870 se
285 805 401 887 quique
423 826 487 868 una
507 804 583 867 vina
604 805 711 867 iocosa
733 805 856 873 coluni:
1031 817 1066 867 20

103 889 263 956 Convenit
283 890 383 952 iratus
404 889 538 951 nimium
559 888 756 971 nimiumque
778 909 920 952 severos:

146 973 207 1049 Qui
228 973 321 1037 limet
342 972 415 1035 irati
435 972 567 1035 numina
588 993 720 1055 magna,
742 972 840 1036 bibat.

103 1056 219 1133 Quales
241 1055 292 1119 his
314 1077 433 1138 poenas
456 1056 557 1139 qualis
579 1058 776 1138 quaniusque
798 1056 951 1138 mineum,

146 1139 304 1204 Cadmeae
323 1140 433 1203 matris
478 1139 573 1202 raeda
594 1142 723 1203 cruenta
746 1138 847 1203 docel.

103 1223 166 1289 Sed
187 1224 298 1307 procul
320 1162 513 1287 anobisliic
528 1224 571 1285 sil
584 1223 693 1305 timor,
717 1222 849 1306 illaque,
873 1223 1010 1306 siquasl,
1031 1232 1065 1285 25

147 1307 230 1383 Quid
251 1308 356 1372 valeai
377 1307 455 1370 laesi
477 1307 593 1370 sentiat
613 1307 660 1369 ira
681 1307 741 1373 dei.

103 1389 187 1467 Quid
208 1411 320 1487 precor
342 1412 375 1472 a,
398 1389 550 1453 demens?
573 1390 660 1453 venti
681 1390 848 1454 temeraria
869 1395 959 1473 vcia,

146 1476 261 1538 Aer1ae
283 1478 315 1538 el
335 1475 436 1538 nubes
458 1473 635 1556 diripienda
655 1474 769 1538 ferani.

103 1559 254 1635 Quamvis
276 1558 366 1622 nulla
386 1558 449 1621 mei
471 1561 614 1641 superest
635 1557 695 1621 libi
717 1580 806 1641 cura,
828 1557 966 1641 Neaera,

147 1642 197 1707 Sis
218 1641 311 1724 felix,
335 1644 367 1705 et
388 1642 453 1705 sini
474 1640 607 1705 candida
627 1642 694 1705 fala
714 1646 778 1707 fua.
1032 1654 1066 1703 30

103 1727 150 1790 At
169 1747 229 1789 nos
252 1746 380 1790 securae
402 1725 568 1789 reddamus
589 1728 734 1809 tempora
755 1747 898 1791 mensae:

146 1808 246 1874 Venit
266 1813 342 1893 post
362 1810 480 1873 multus
502 1831 566 1872 una
588 1831 699 1874 serena
720 1810 796 1874 dies.

103 1892 145 1957 Ei
166 1893 261 1975 mihi,
285 1893 445 1958 difficilest
466 1893 585 1957 imitari
606 1894 721 1979 gaudia
741 1894 836 1976 falsa,

145 1975 317 2040 Difficilesi
337 1977 422 2040 frisii
443 1978 563 2061 fingere
584 1980 691 2041 mente
712 1979 832 2062 iocum,

103 2060 173 2125 Nec
193 2061 275 2124 bene
296 2061 441 2125 mendaci
462 2062 544 2124 risus
567 2062 758 2145 conponitur
780 2083 850 2144 ore,
1031 2073 1065 2123 ³5

146 2143 215 2209 Nec
236 2145 318 2209 bene
340 2144 486 2208 sollicitis
510 2145 596 2209 ebria
617 2145 712 2209 verba
735 2149 861 2209 sonant.

104 2227 187 2303 Quid
209 2249 324 2311 queror
344 2228 479 2293 infelix?
502 2232 609 2312 turpes
632 2228 783 2293 discedite
805 2251 912 2295 curae:

147 2312 224 2376 odit
244 2311 388 2377 Lenaeus
409 2312 514 2377 tristia
534 2314 631 2378 verba
651 2317 750 2396 paler.

447 2442 466 2480 *
693 2439 711 2478 ’l‘

570 2489 588 2529 *

105 2567 240 2649 Gnosia,
263 2566 404 2632 Theseae
427 2568 587 2651 quondam
609 2568 745 2652 periuria
766 2568 895 2653 linguae

146 2651 278 2717 Flevisli
299 2652 412 2736 ignoto
436 2654 504 2715 sola
525 2653 636 2716 relicta
657 2652 751 2717 mari:
1031 2663 1067 2715 40

105 2733 158 2799 Sic
180 2735 295 2799 cecinit
315 2757 373 2819 pro
395 2739 427 2800 le
450 2736 576 2818 doctus,
599 2736 717 2819 Minoi,
740 2735 883 2801 Catullus

146 2818 270 2903 Ingrati
290 2820 430 2884 referens
452 2821 541 2904 inpia
561 2820 647 2885 facta
667 2821 735 2885 viri.

103 2899 172 2966 Vos
194 2924 254 2987 ego
276 2925 362 2968 nunc
383 2926 513 2969 moneo:
535 2905 626 2988 felix,
651 2906 839 2989 quicumque
862 2904 971 2970 dclcre

146 2987 287 3050 Alterius
310 2988 412 3052 disces
433 3010 527 3071 posse
550 3011 659 3053 cavere
680 2993 779 3053 fuum.

104 3068 174 3134 Nec
194 3092 251 3135 vos
275 3074 335 3159 autj
351 3072 478 3155 capiant
498 3074 669 3156 pendentia
688 3072 821 3137 brachia
842 3075 925 3138 collo
1031 3085 1066 3135 45

85 3216 92 3227 ,
147 3154 215 3218 Aur
235 3154 327 3218 fallar
347 3155 464 3220 blanda
486 3157 620 3222 subdola
640 3158 751 3241 lingua
772 3179 873 3240 prece.

103 3236 176 3301 Etsi
197 3259 315 3321 perque
338 3261 411 3303 suos
433 3241 531 3304 fallax
552 3240 668 3304 iurabit
690 3242 809 3305 ocellos

146 3320 364 3404 Iunonemque
385 3345 475 3387 suam
496 3346 612 3407 perque
634 3345 725 3387 suam
746 3324 918 3409 Venerem,

104 3402 203 3468 Nulla
222 3405 300 3469 fides
323 3407 433 3471 inerit:
456 3409 592 3491 periuria
613 3408 696 3471 ridel
717 3412 879 3473 amantum

147 3487 291 3573 Iuppiter
312 3493 345 3553 ei
365 3495 476 3555 ventos
498 3492 587 3555 irrita
608 3492 690 3557 ferre
712 3492 809 3557 iubet.
1033 3502 1068 3553 50
