2302 3922
144 213 205 278 112
523 215 716 272 PROPERTII
1015 215 1103 289 [VIII.

204 380 386 528 Lygdamus
408 379 443 443 in
464 377 585 462 primis,
609 378 713 442 omnis
727 376 807 442 mihi
822 399 917 442 eausa
931 377 1102 463 querellae,

278 466 371 528 eneat
393 466 425 527 et
445 462 579 546 pedibus
600 462 728 559 ninoula
748 462 824 559 bina
844 461 974 526 trahat!

204 547 325 613 Indixit
345 547 451 643 leges:
473 545 624 642 respondi
646 567 706 631 ego
730 546 865 631 ‘legibus
886 549 984 610 utar?

249 630 375 696 Riserat
395 650 529 714 imperio
551 629 636 695 faeta
658 630 793 714 superba
815 628 898 694 dato.

204 714 291 780 Dein
326 735 556 798 quemeumque
598 715 704 778 looum
742 717 889 778 externae
923 715 1061 799 tetigere

248 881 346 947 suffit
367 884 399 946 ee
418 903 499 965 pura
518 882 630 979 nmina
650 797 888 966 srgrtpiiiie'

156 980 189 1030 85
204 965 505 1147 Imffigtwetmeffl
521 965 1039 1146 fffflusffiffislffiagffl

207 1136 314 1218 Atque
337 1137 383 1197 ita
403 1136 526 1231 mutato
548 1154 606 1216 per
627 1133 754 1230 singula
774 1133 872 1217 palha
893 1133 975 1197 leeto

247 1217 452 1302 tRespondr,
475 1221 508 1282 et
528 1221 597 1281 toto
620 1217 772 1282 solv1mus
793 1239 881 1281 arma
900 1219 982 1282 toro.

547 1349 699 1356 ---——-

155 477 190 528 80

564 1431 677 1505 Vffll.

207 1553 510 1637 Amphitryoniades
531 1574 594 1636 qua
614 1556 803 1637 tempestate
824 1554 976 1620 iuvencos

248 1638 370 1732 Egerat
390 1658 409 1700 a
430 1637 572 1720 stabulis,
594 1657 613 1700 o
635 1636 784 1720 Erythea,
806 1639 879 1721 tuis,

206 1720 306 1784 Venit
326 1719 366 1783 ad
388 1719 517 1784 eductos
545 1740 698 1803 pecorosa
718 1720 841 1786 Palatia
862 1725 998 1804 montes,

249 1804 294 1867 llt
315 1804 426 1869 statuit
446 1803 548 1868 fessos
569 1803 672 1868 fessus
694 1808 727 1868 et
746 1805 815 1889 ipse
836 1806 943 1887 bovae,

180 1887 280 1964 sous
303 1888 440 1951 Velabra
461 1907 518 1952 suo
541 1887 733 1973 stagnabant
753 1889 894 1967 flumine,
906 1910 1028 1974 quaque

248 1971 356 2037 Nauta
376 1993 434 2069 per
454 1972 590 2037 urbanas
611 1972 791 2038 velificabat
811 1994 915 2058 aquas.

208 2055 271 2120 Sed
292 2078 359 2121 non
380 2056 478 2120 1nfido
499 2059 686 2121 manserunt
707 2057 833 2142 hospite
855 2056 940 2124 ano

251 2141 448 2205 Incolumes:
470 2141 555 2205 furto
570 2141 686 2224 polluit
706 2141 760 2206 illa
781 2141 899 2206 Iovem.

208 2223 319 2288 Incola
340 2223 440 2290 anus
462 2228 545 2306 erat,
567 2225 737 2289 metuendo
758 2229 868 2310 raptor
889 2225 928 2290 ab
951 2227 1060 2310 antro,

159 2321 191 2370 10
247 2307 309 2372 Per
329 2308 392 2372 tria
412 2309 546 2392 partitos
569 2309 623 2392 qui
645 2308 740 2373 dabat
761 2330 817 2373 ora
837 2309 936 2375 focos.

207 2391 280 2476 Hie,
301 2413 342 2457 ne
365 2395 451 2457 certa
471 2393 578 2456 forent
598 2393 788 2459 manifestae
810 2394 902 2479 signa
921 2393 1060 2477 rapinae,

249 2477 387 2541 Aversos
411 2477 509 2541 cauda
529 2477 626 2541 traxit
646 2477 681 2541 in
703 2481 795 2543 antra
815 2479 929 2561 boves,

208 2560 277 2625 Neo
300 2561 368 2625 sine
389 2564 471 2626 teste
494 2560 570 2625 deo:
592 2561 695 2626 iurem
717 2582 851 2628 sonuere
871 2561 1005 2644 iuvenci,

249 2644 341 2709 Furia
363 2647 396 2710 et
415 2645 589 2729 inplacidas
612 2645 709 2710 diruit
729 2646 777 2710 ira
797 2647 892 2711 fores.

160 2742 192 2790 15
207 2728 364 2792 Maenalio
387 2729 485 2793 iacuit
505 2729 616 2812 pulsus
637 2730 700 2794 tria
720 2733 865 2813 tempora
886 2748 975 2792 ramo

250 2810 362 2894 anus,
385 2815 418 2875 et
438 2812 567 2876 Alcides
590 2812 635 2877 sio
657 2813 716 2877 ait:
740 2813 795 2876 ‘ite
816 2811 926 2892 boves,

207 2893 355 2959 Herculis
376 2894 421 2958 ite
441 2894 548 2978 hoves,
570 2899 698 2961 nostrae
719 2895 810 2960 labor
830 2894 941 2958 ultime
963 2894 1081 2980 clavae,

250 2977 307 3042 Bis
328 2977 407 3044 mihi
429 2980 602 3063 quaesitae,
623 2979 675 3044 his
689 2999 760 3042 mea
781 2978 907 3062 praeda,
930 2978 1038 3062 boves,

207 3064 355 3147 Arvaque
376 3062 500 3146 mugitu
521 3063 641 3127 sancite
662 3062 791 3126 bovaria
812 3063 866 3127 lon
892 3083 928 3128 o:

158 3161 192 3211 20
248 3147 365 3214 Nobile
387 3147 448 3212 erit
467 3145 587 3210 Romae
608 3166 725 3229 pascua
745 3149 850 3211 vestra
868 3085 998 3213 lorum?

207 3232 348 3316 Dixerat,
372 3234 405 3296 et
425 3230 508 3296 sieeo
530 3232 631 3294 torret
652 3230 721 3294 sitis
744 3251 800 3295 ora
820 3233 935 3316 palato,

249 3315 409 3401 Terraque
431 3337 497 3380 non
518 3315 598 3378 ullas
619 3314 687 3379 feta
707 3316 869 3380 ministrat
889 3337 995 3399 aquas.

174 3475 177 3483 Ι
209 3399 272 3464 Sed
293 3400 405 3483 procul
426 3400 564 3465 inclusas
585 3398 673 3463 audit
693 3398 796 3464 ridere
817 3400 948 3484 puellae.

250 3482 354 3549 Lucus
376 3484 416 3549 ab
437 3483 587 3551 umbroso
609 3483 728 3549 fecerat
748 3484 825 3550 orbe
846 3506 974 3568 nemus,

11 3742 156 3881 s).
