2302 3922
109 238 170 304 102
495 243 689 299 enormen
997 245 1074 318 [nn.

170 406 255 471 Nam
280 406 387 488 Vesta,
410 404 526 470 Iliacae
547 406 625 472 felix
646 406 746 470 tutela
766 406 902 487 favillae,

122 503 156 552 to
213 489 346 572 Ctilpam
368 489 426 552 alit
448 495 481 554 et
501 490 608 574 plnres
632 490 740 555 condit
761 491 796 554 in
817 511 888 555 ossa
910 491 1004 555 faees.

171 573 232 638 Illa
253 574 326 655 ruit,
350 573 451 656 qualis
474 575 609 638 celerem
629 595 728 658 prope
749 573 987 640 Thermodonta

213 656 393 740 Strymonis
415 657 555 722 abscisso
578 658 680 722 fertur
701 662 810 742 aperta
832 659 912 723 sinu.

170 741 252 806 Vrbi
273 741 373 806 festus
395 746 463 805 erat
485 742 605 827 (dixere
627 742 746 806 Parilia
766 746 884 825 patres,

213 824 275 888 Hio
295 825 418 909 primae
441 826 547 910 eoepit
567 825 733 890 moenibus
756 829 833 908 esse)
857 827 924 891 dies
931 876 941 912 ,

122 920 154 969 75
169 908 288 973 Annua
308 912 472 993 pastorum
495 910 653 992 convivia,
675 910 763 975 lusus
785 910 819 973 in
840 911 927 994 urbe,

214 991 296 1057 Cum
317 1015 443 1078 pagana
464 992 594 1057 madent
613 994 734 1058 fereula
756 994 892 1078 debona,

171 1076 314 1160 Cumque
337 1098 432 1162 super
452 1097 542 1141 raros
563 1076 650 1142 faeni
670 1078 861 1142 flammantis
884 1099 1012 1145 acervos

212 1161 335 1226 Traioit
355 1161 525 1226 inmundos
547 1162 635 1227 ebria
655 1164 749 1226 turba
769 1162 874 1246 pedes.

169 1244 325 1311 Romulus
347 1246 496 1312 excubias
518 1245 658 1311 decrevit
678 1247 713 1310 in
735 1246 802 1310 otia
822 1247 902 1311 solvi

121 1341 155 1390 80
210 1330 241 1394 A
278 1351 318 1395 ue
339 1330 520 1395 intermissa
542 1334 644 1395 eastra
666 1330 758 1395 silere
779 1332 866 1395 tuba.

169 1413 241 1478 Hoo
349 1415 397 1478 eia
418 1436 509 1478 suum
531 1418 656 1498 tempus
670 1418 740 1478 rata
760 1415 910 1480 convenit
924 1414 1068 1482 hostem:

211 1496 309 1562 Paete
345 1498 352 1511 '
377 1501 419 1581 at,
440 1499 542 1581 pactis
564 1498 575 1561 i
599 1499 763 1562 sainture
785 1520 900 1564 eomes.

169 1580 266 1645 Mons
289 1584 357 1644 erat
379 1602 512 1645 ascensu
533 1521 647 1645 dubius
670 1582 815 1665 festoque
836 1584 1004 1650 remissus:

211 1662 281 1729 Neo
302 1684 401 1746 mora,
424 1665 550 1728 vocales
572 1669 706 1748 oooupat
728 1686 803 1730 enee
826 1688 929 1734 canes.

119 1759 153 1811 85
168 1747 285 1813 Omnia
304 1748 500 1831 praebebant
521 1769 667 1813 somnos:
689 1749 745 1813 sed
766 1749 912 1835 Iuppiter
932 1769 1015 1817 unns

211 1830 362 1897 Decrevit
383 1832 495 1916 poenis
517 1833 685 1980 invipilare
706 1833 779 1898 tuis.

168 1915 356 1981 Prodiderat
369 1920 543 2001 portaeque
564 1917 587 1981 fi
609 1938 659 1982 em
681 1919 878 2004 pariamque
900 1921 1067 2007 iacentem,

210 2001 424 2084 Nubendique
445 2002 543 2086 petit,
565 2022 660 2085 quem
680 2003 758 2066 velit
778 2003 863 2088 ipse,
887 2004 981 2068 diem.

167 2084 215 2149 At
235 2085 345 2150 Tatius
368 2086 485 2171 (neque
513 2086 599 2151 enim
626 2087 738 2151 sceleri
765 2087 853 2151 dedit
880 2087 982 2153 hostis
1010 2089 1068 2153 ho·

711 2192 822 2236 norem

120 2266 153 2315 90
211 2252 328 2318 ‘Nube'
352 2254 398 2318 ait
419 2256 464 2318 ‘et
477 2255 569 2340 regni
591 2254 707 2320 scande
729 2175 837 2320 cubile)
854 2257 938 2321 mei’

168 2335 267 2419 Dixit,
291 2342 324 2402 et
343 2338 478 2423 ingestis
501 2339 651 2403 comitum
674 2361 768 2424 super
790 2340 897 2405 obruit
917 2341 1023 2406 armis.

211 2421 309 2504 Haeo,
331 2423 433 2507 virgo,
457 2421 571 2488 officiis
594 2423 652 2487 dos
675 2427 743 2488 erat
764 2427 838 2508 apta
858 2424 931 2488 tuis.

168 2506 199 2570 A
221 2505 300 2570 duee
321 2504 457 2591 Tarpeia
477 2527 570 2570 mons
593 2511 643 2572 est
665 2529 844 2593 cognomen
866 2508 1012 2592 adeptus:

211 2588 238 2654 0
260 2589 352 2674 vigil,
375 2590 494 2655 iniuste
515 2592 656 2674 praemia
678 2593 771 2657 sortis
793 2592 900 2657 habes.

455 2729 457 2733 Α
509 2720 662 2730 ——--

560 2803 604 2879 V.

168 2925 266 2991 Terra
286 2927 378 2988 tuum
400 2923 501 3006 spinis
524 2926 668 3007 obducat,
691 2925 772 3006 lena,
796 2922 1009 3008 sepulchrum,

210 3009 255 3074 nt
275 3011 339 3091 tua,
361 3007 447 3091 quod
466 3029 534 3072 non
560 3010 618 3092 vis,
641 3009 758 3072 sentiat
778 3007 890 3072 umbra
911 3010 1008 3093 sitim,

168 3094 238 3161 Neo
260 3093 393 3159 sedeant
414 3091 513 3157 cineri
527 3091 649 3174 Manes,
672 3094 705 3156 et
727 3090 883 3158 Cerberos
904 3095 990 3159 ultor

210 3177 329 3263 Turpia
349 3177 455 3242 ieiuno
477 3179 595 3242 terreat
615 3195 688 3240 osse
709 3196 798 3241 sono,

141 3263 275 3327 oDoota
296 3262 347 3327 vel
369 3260 580 3346 Hippolytum
594 3259 714 3326 Veneri
735 3261 860 3326 mollire
881 3266 1064 3348 negantem,

213 3343 434 3430 Concordique
456 3350 528 3411 toro
549 3344 688 3430 pessima
709 3367 834 3430 semper¹
854 3347 937 3429 avis,

168 3429 353 3514 Penelopen
375 3451 501 3514 quoqne
522 3430 670 3515 neglecto
685 3451 811 3495 rumore
832 3431 940 3496 mariti

212 3511 340 3579 Nubere
362 3514 480 3580 lascivo
504 3516 633 3601 cogeret
653 3514 808 3580 Antinoo.

13 3694 145 3823 a
