2302 3922
86 233 182 304 xxii]
494 232 601 287 nmnu
622 234 644 290 1.

516 421 611 493 XXI.

84 544 150 626 Tu,
174 544 227 627 qui
251 546 431 608 consortem
453 563 605 626 properas
628 544 759 608 evadere
781 565 905 626 casum,

127 628 237 703 Miles,
260 628 299 690 ab
322 627 468 691 Etruscis
490 626 614 690 saueius
637 629 822 712 aggeribus,

86 711 147 787 Qui
168 714 279 774 nostro
301 712 423 794 gemitu
444 711 607 795 turgentia
628 711 748 774 lumina
769 716 915 795 torques,

127 795 206 858 Pars
229 815 289 878 ego
313 816 383 857 sum
404 797 528 857 vestrae
549 794 694 877 proxima
715 795 859 859 militiae.

86 878 139 944 Sic
161 883 193 941 te
216 880 355 959 servat0,
379 880 415 940 ut
436 878 561 960 possint
582 877 719 962 gaudere
740 882 903 963 parenteS,
1031 892 1047 942 5

127 962 196 1025 Neo
219 981 310 1024 soror
331 964 403 1024 acta
423 962 487 1024 tuis
510 963 626 1025 sentiat
648 984 665 1025 e
688 962 844 1026 lacrimis:

86 1045 213 1110 Gallum
235 1066 292 1128 per
313 1045 436 1109 medios
459 1049 602 1127 ereptum
625 1045 768 1110 Caesaris
792 1067 882 1109 enses

128 1129 278 1213 Effugere
300 1127 430 1212 ignotas
452 1149 519 1191 non
541 1130 682 1212 potuisse
704 1150 834 1207 manus,

87 1213 131 1276 Et
152 1234 305 1295 quaecum
328 1233 368 1275 ue
390 1233 485 1294 super
507 1212 650 1294 dispersa
671 1213 829 1277 invenerit
850 1233 922 1277 ossa

128 1297 293 1360 Montibus
344 1297 476 1377 truseis,
499 1294 577 1359 haec
600 1297 680 1359 sciat
701 1318 770 1361 esse
791 1318 871 1360 mea.
1016 1309 1049 1359 10

490 1426 643 1434 ----.-

511 1509 626 1584 ΧΧΠ.

87 1631 195 1706 Qualis
212 1635 244 1694 et
257 1631 341 1695 unde
357 1652 473 1714 genus,
490 1632 544 1715 qui
560 1632 625 1694 sint
639 1631 733 1714 mihi,
749 1630 855 1715 Tulle,
870 1631 1021 1714 Penates,

129 1714 261 1789 Quaeris
282 1736 341 1798 pro
364 1718 476 1779 nostra
498 1736 623 1798 semper
645 1717 792 1780 amicitia.

88 1797 121 1863 Si
138 1799 292 1862 Perusina
313 1799 374 1862 tibi
396 1799 518 1881 patriae
541 1802 616 1862 sunt
636 1802 714 1863 nota
736 1800 896 1883 sepulcra,

128 1881 241 1945 Italiae
264 1882 351 1945 duris
373 1882 487 1946 funera
507 1882 720 1965 temporibus,

89 1964 170 2030 Oum
191 1965 338 2029 Romana
360 1987 433 2029 suos
456 1966 523 2050 egit
545 1966 702 2030 discordia
724 1966 808 2030 cives
1033 1980 1050 2027 5

131 2048 214 2134 (Sic,
236 2049 315 2112 mihi
336 2050 518 2133 praecipue,
541 2050 645 2133 pulvis
666 2048 817 2133 Etrusca,
839 2049 945 2132 dolor,

90 2131 138 2195 Tu
158 2133 301 2216 proiecta
322 2134 386 2197 mei
407 2154 558 2216 perpessa
580 2155 613 2197 es
635 2133 778 2197 membra
797 2133 986 2218 propinqui,

130 2216 178 2279 Tu
199 2217 288 2280 nullo
312 2218 422 2280 miseri
445 2217 590 2302 contegis
613 2238 686 2282 ossa
707 2217 802 2302 solo),

87 2300 237 2364 Proxima
259 2301 424 2384 supposito
448 2301 638 2386 contingens
660 2300 795 2366 Vmbria
816 2321 929 2383 campo

129 2383 183 2449 Me
205 2386 318 2469 genuit
338 2385 432 2448 terris
454 2384 569 2450 fertilis
591 2385 751 2452 uberibus.
1017 2395 1051 2447 10
