2302 3922
94 222 139 287 34
507 225 651 283 1110111
1015 224 1062 299 [r.

160 388 245 453 Nam
267 386 354 451 ferus
376 387 430 450 ille
453 409 526 450 suae
548 387 688 470 plorabit
709 388 832 451 sobrius
853 387 939 452 idem

103 500 108 514 ·
201 472 246 535 Et
266 493 300 534 se
322 470 439 534 iurabit
460 474 565 535 mente
586 472 685 535 fuisse
707 473 799 535 mala.

96 568 146 617 105
159 555 240 619 Pace
262 558 318 618 tua
338 558 471 637 pereant
491 576 581 618 arcus
602 558 794 639 pereantque
816 556 968 639 sagittae,

202 638 346 720 Phoebe,
369 638 464 702 modo
486 638 635 702 interris
658 642 741 703 erret
762 639 891 703 inermis
913 638 1039 705 Amor.'

158 724 222 787 Ars
237 722 338 786 bona:
362 722 417 786 sed
431 725 601 806 postquam
616 723 752 805 sumpsit
766 723 827 786 sibi
843 722 908 786 tela
922 722 1063 807 Cupido,

200 805 274 870 Heu
296 806 358 869 heu
380 827 474 888 quam
496 807 604 870 multis
627 828 677 869 ars
699 806 787 869 dedit
807 806 864 870 illa
884 806 1021 871 maluml
1092 816 1095 821 ’

159 889 205 955 Et
226 889 304 953 mihi
326 891 505 973 praecipue.
538 890 625 955 iaceo
648 912 720 953 cum
742 891 867 954 saucius
889 911 1011 953 annum

100 988 150 1036 110
202 973 246 1037 Et
266 975 358 1037 faveo
381 974 493 1036 morbo
499 1022 508 1054 ,
533 995 604 1037 cum
627 974 715 1037 iuvat
735 974 804 1056 ipse
825 973 930 1054 dolor,

160 1057 269 1141 Vsque
285 1078 364 1121 cano
379 1056 558 1140 Nemesim,
575 1058 643 1120 sine
659 1077 721 1140 qua
734 1079 843 1121 versus
857 1056 937 1120 mihi
950 1057 1064 1122 nullus

201 1141 309 1206 Verba
330 1144 438 1224 potest
458 1142 558 1205 iustos
580 1144 635 1205 aut
655 1141 792 1224 reperire
813 1140 919 1223 pedes.

160 1227 206 1290 At
226 1230 262 1288 tu
285 1229 374 1310 (nam
396 1224 503 1288 divum
525 1228 630 1288 servat
650 1226 750 1288 tutela
770 1226 910 1308 poetas),

203 1309 415 1389 Praemouec,
439 1309 504 1371 vati
525 1330 633 1390 parce,
656 1309 777 1391 puella,
801 1329 904 1381 sacre,

99 1406 149 1455 115
161 1391 208 1456 Vt
228 1390 436 1455 Messalinum
458 1393 628 1473 celebrem,
651 1414 722 1455 cum
744 1392 884 1474 praemia
903 1392 981 1456 belli

202 1475 288 1538 Ante
310 1493 384 1538 suos
408 1495 516 1537 currus
539 1475 657 1556 oppida
678 1476 763 1538 vieta
784 1475 880 1558 feret,

159 1559 233 1641 Ipse
255 1579 369 1642 gerens
392 1558 514 1620 lauros:
537 1558 625 1621 lauro
648 1558 812 1621 devinctus
834 1559 953 1642 agresti

201 1641 295 1705 Miles
319 1641 385 1705 ‘io’
409 1662 525 1724 magna
546 1661 624 1704 voce
646 1641 840 1724 ‘triumphe'
864 1646 965 1707 canet.

161 1725 242 1788 Tum
264 1724 415 1788 Messalla
435 1745 524 1788 meus
545 1725 599 1807 pia
621 1724 675 1788 det
696 1727 876 1808 spectacula
896 1727 1011 1792 turbae

104 1823 154 1871 110
206 1808 250 1872 Et
272 1808 404 1891 plaudat
425 1829 518 1871 curru
538 1810 758 1891 praetereunte
779 1813 878 1892 pater.

160 1893 290 1957 Adnue:
313 1893 359 1956 sie
379 1891 441 1955 tibi
462 1892 528 1955 sint
548 1893 684 1976 intonsi,
707 1893 848 1976 Phoebe,
872 1895 994 1978 capilli,

204 1976 258 2042 Sic
278 1979 334 2041 tua
354 1978 507 2060 perpetuo
531 1977 573 2040 sit
593 1978 653 2041 tibi
676 1981 762 2042 casta
784 1998 883 2042 soror.

502 2083 654 2092 -—-—-

545 2133 597 2205 VI

162 2230 276 2296 Castra
297 2233 405 2297 Macer
433 2233 587 2316 sequitur:
615 2236 724 2297 tenero
748 2232 824 2316 quid
845 2232 901 2295 fiet
921 2230 1059 2295 Amori?

205 2316 254 2381 Sit
276 2338 382 2382 comes
405 2318 540 2381 0100110
562 2318 688 2380 fortiter
709 2338 797 2380 arma
818 2313 930 2399 gerat?

160 2398 206 2465 Et
228 2422 284 2465 seu
305 2402 403 2483 longa
424 2401 526 2462 virum
547 2400 648 2462 terrae
672 2400 722 2461 via
744 2419 799 2461 seu
820 2419 903 2480 vaga
924 2396 1043 2463 ducent

204 2485 369 2566 Aequora,
393 2503 462 2545 cum
484 2481 557 2544 telis
580 2481 723 2544 adlatus
745 2480 791 2542 ire
812 2478 919 2541 volet?

129 2566 239 2647 01110,
262 2588 354 2650 puer,
379 2585 509 2648 quaes0,
532 2567 587 2626 tua
609 2564 662 2646 qui
683 2564 769 2626 ferus
791 2561 857 2624 0111
879 2560 989 2642 liquit,

203 2650 309 2731 Atque
331 2650 446 2711 iterum
468 2667 612 2709 erronem
634 2647 692 2709 sub
714 2649 770 2708 tua
791 2644 885 2727 signa
904 2665 992 2708 voca.

162 2731 254 2807 Quod
276 2732 303 2794 si
324 2731 477 2794 militibus
499 2750 626 2812 parces,
649 2730 708 2792 0111
729 2728 781 2792 hic
803 2749 927 2811 quoque
948 2729 1059 2815 miles,

203 2814 276 2897 Ipse
298 2815 398 2877 levem
420 2813 512 2897 galea
533 2813 587 2896 qui
610 2813 670 2876 sibi
691 2814 798 2895 portet
819 2834 940 2895 aquam.

161 2897 274 2964 Castra
294 2900 385 2979 peta,
408 2897 572 2979 valeatque
587 2895 696 2960 Venus
711 2897 897 2979 valeantque
918 2898 1060 2980 puellae:

114 2994 148 3046 10
203 2980 248 3045 Et
267 2979 347 3042 milri
368 2984 443 3043 sunt
463 2980 559 3063 vires,
583 2984 615 3044 01
635 2979 713 3043 mihi
735 2980 820 3044 facta
840 2981 958 3044 tubast.

160 3066 280 3145 Magna
301 3063 414 3146 loquor
421 3114 430 3145 ,
454 3064 508 3127 sed
530 3065 698 3148 magnifice
719 3064 798 3128 mihi
813 3086 929 3150 magna
949 3066 1060 3128 locuto

203 3147 379 3212 Excutiunt
400 3149 522 3212 clausae
543 3149 641 3213 fortia
662 3149 759 3213 verba
779 3150 874 3213 fores.

161 3233 268 3301 Iurari
290 3232 436 3316 quotiens
458 3232 633 3297 rediturum
655 3233 695 3297 ad
716 3234 828 3297 limina
848 3232 1038 3316 numquam!

204 3316 284 3384 Oum
306 3317 387 3381 bene
408 3316 522 3398 iuravi,
545 3339 601 3400 pes
623 3321 730 3382 tamen
751 3318 819 3401 ipse
840 3318 930 3381 redit.

114 3416 146 3467 15
160 3404 243 3467 Acer
265 3403 379 3484 Amor,
401 3400 518 3464 fractas
540 3402 661 3465 utinam
684 3406 738 3466 tua
758 3403 823 3465 tela
844 3401 996 3484 sagittas,

204 3486 238 3552 si
259 3486 347 3570 licet,
371 3485 525 3550 extinctas
548 3487 761 3570 aspiciamque
783 3485 883 3549 facesl

119 3739 203 3822 ‘l

117 3877 120 3881 ·
194 3823 239 3906 11
