2302 3922
92 188 168 256 vn]
470 187 578 242 amus
599 187 662 244 1111.

133 350 178 413 Et
198 349 295 413 miser
315 349 451 412 invisam
471 348 570 412 traxit
589 347 696 411 hiatus
719 369 849 432 aquam:

91 439 184 498 Hunc
206 454 304 516 parvo
325 433 403 497 ferri
422 432 503 496 vidit
523 451 589 495 nox
610 431 746 515 inproba
769 431 868 516 ligno.

134 517 250 581 Paetus
272 518 309 580 ut
330 516 503 596 occideret,
524 516 576 579 tot
596 515 699 579 coiere
720 515 813 579 mala.

92 599 187 665 Flens
202 603 311 664 tamen
326 599 474 663 extremis
486 596 574 663 dedit
587 597 667 663 haec
681 599 831 663 mandata
845 598 996 683 querelis,
1019 611 1053 662 55

135 683 217 748 (lum
237 683 429 748 moribunda
450 683 542 768 niger
565 681 724 746 clauderet
746 703 802 746 ora
822 683 941 766 liquor:

91 767 153 831 ‘Di
174 767 271 830 maris
286 767 409 851 Aegaei
423 787 502 850 quos
518 768 593 830 sunt
612 787 711 849 penes
727 785 882 849 aequora,
895 765 1010 850 Venti,

134 851 179 914 Et
200 870 415 933 quaecumque
436 871 542 915 meum
564 849 716 935 degravat
736 849 822 913 unda
843 855 953 933 ceput,

92 935 163 1011 Quo
184 934 297 1017 rapitis
318 934 451 998 miseros
473 938 600 998 tenerae
622 933 783 1018 lanuginis
806 933 932 998 annos?

134 1018 309 1081 Attulimus
332 1018 445 1102 longas
467 1018 502 1081 in
522 1018 605 1081 frete
629 1020 734 1081 vestra
754 1038 876 1082 manus.
1019 1030 1054 1080 60

92 1102 123 1164 Α
144 1101 241 1165 miser
263 1100 432 1184 alcyonum
454 1101 593 1185 scopulis
615 1100 738 1184 adfigar
759 1100 876 1166 acutis:

137 1184 176 1248 ln
198 1206 249 1249 me
272 1184 415 1249 caeruleo
436 1184 560 1249 fuscina
582 1187 708 1267 sumpta
729 1183 828 1248 deest.

93 1269 138 1333 At
159 1268 273 1333 saltem
294 1267 406 1332 Italiae
426 1267 612 1352 regionibus
634 1266 770 1332 advehet
791 1271 911 1333 aestus:

136 1351 209 1416 Hoc
231 1352 270 1416 de
291 1373 343 1415 me
365 1354 416 1417 sat
438 1352 498 1416 erit
519 1352 546 1416 si
568 1351 662 1415 modo
684 1352 793 1416 metris
817 1353 900 1416 eriu’

92 1433 260 1500 Subtrahit
279 1434 358 1500 haec
378 1435 499 1500 fantem
518 1438 604 1499 torta
621 1436 777 1520 vertigine
796 1435 924 1520 fluctus3
1020 1447 1055 1498 65

135 1518 259 1583 Vltima
280 1540 361 1602 quae
381 1519 480 1583 Paeto
502 1540 626 1603 voxque
648 1519 776 1602 diesque
797 1517 867 1583 fuit.

95 1601 122 1666 0
145 1606 273 1667 centum
295 1623 469 1686 aequoreae
490 1602 596 1668 Nereo
617 1603 762 1688 genitore
784 1603 924 1686 puellae,

135 1684 180 1750 Et
200 1689 237 1750 tu
257 1690 401 1750 materno
424 1689 511 1750 tacte
533 1686 641 1751 dolore
663 1686 758 1750 Theti

92 1767 175 1853 (Vos
198 1769 304 1835 decuit
324 1771 408 1835 lasso
431 1791 609 1854 supponere
629 1769 760 1835 brachia
781 1773 904 1835 mento:

134 1852 211 1916 Non
230 1855 357 1936 poterat
376 1857 498 1918 vestras
520 1853 574 1918 ille
595 1875 727 1938 gravare
748 1854 891 1938 manus),
1020 1865 1055 1914 το

91 1934 227 2000 Reddite
248 1956 362 2018 eorpus
381 1934 478 2000 humo
500 1936 652 2019 (positast
671 1937 706 2000 in
725 1937 853 2021 gurgite
873 1936 969 2020 vita);
1020 1949 1054 1997 25

135 2017 269 2081 Paetum
290 2021 404 2101 sponte
426 2021 495 2101 tua,
517 2019 589 2082 vilis
612 2040 720 2103 arena,
743 2023 849 2103 tegas3

91 2101 137 2165 Et
158 2102 304 2184 quotiens
326 2102 416 2166 Paeti
437 2101 587 2166 transibit
606 2106 704 2166 nauta
726 2102 942 2186 sepulchrum,

134 2184 231 2248 Dicat
252 2188 305 2249 ‘et
326 2184 438 2248 audaci
458 2187 494 2249 tu
514 2184 611 2248 timor
633 2206 701 2250 esse
722 2190 836 2269 potes?
1019 2198 1073 2252 28.

92 2269 139 2334 At
158 2271 209 2350 tu,
233 2288 325 2332 saeve
339 2269 472 2351 Aquilo,
495 2290 667 2352 numquam
688 2289 759 2333 mee
771 2269 842 2333 vele
861 2268 998 2334 videbis:

135 2353 221 2416 Ante
242 2352 327 2416 fores
349 2352 496 2417 dominae
518 2353 637 2416 condar
658 2355 786 2436 oportet
805 2352 901 2418 iners.

464 2563 534 2637 vu
562 2560 687 2664 [um.

94 2686 206 2753 Dulcis
228 2685 269 2750 ed
290 2685 455 2751 hesternas
476 2687 582 2751 fuerat
604 2685 684 2750 mihi
704 2689 773 2751 rixa
794 2687 955 2770 lucernas,

135 2770 233 2834 Vocis
255 2773 288 2834 et
308 2771 439 2834 insanae
460 2772 510 2835 tot
531 2768 700 2835 maledicta
720 2775 803 2835 tuae.
951 2824 959 2834 e

94 2852 159 2919 Cur
180 2853 350 2918 furibunda
371 2874 459 2918 mero
480 2875 624 2917 mensam
645 2855 798 2938 propellis
821 2855 908 2919 etin
929 2876 980 2918 me

135 2936 257 3002 Proicis
279 2941 392 3002 insana
414 2937 538 3020 cymbia
558 2938 655 3021 plena
675 2938 795 3003 manu?

94 3019 142 3084 Tu
163 3041 237 3084 vero
260 3025 387 3085 nostros
409 3022 512 3085 audax
533 3021 646 3085 invade
669 3022 801 3104 capillos
1037 3033 1055 3084 ⁶

135 3103 180 3167 Et
199 3125 270 3168 mea
290 3104 439 3168 formosis
460 3105 621 3189 unguibus
644 3125 699 3168 ora
719 3109 796 3168 nota

95 3185 144 3252 Tu
165 3187 315 3251 minitare
336 3188 447 3252 oculos
469 3189 612 3253 subiecta
635 3208 764 3252 enuere
786 3152 926 3269 damma,

135 3269 199 3334 Fac
220 3291 292 3334 meo
314 3271 448 3335 rescisso
470 3274 599 3354 pectora
620 3270 706 3334 nuda
727 3270 809 3334 sinu.

93 3352 254 3420 Nimirum
274 3354 341 3417 veri
363 3352 478 3418 dantur
498 3354 578 3419 mihi
600 3355 694 3436 signe
715 3353 844 3419 caloris:

134 3437 220 3504 Nam
242 3438 311 3502 sine
333 3457 441 3502 amors
462 3437 553 3522 gravi
573 3437 694 3502 femina
714 3436 803 3501 nulla
825 3437 920 3504 dolet.
1022 3452 1056 3503 ιο
