2302 3922
91 191 128 263 a]
483 189 590 245 uara
611 188 673 243 nn.

92 354 242 449 Aptaque
264 351 316 415 vel
338 352 432 415 cantu
455 352 575 414 veteres
597 353 720 414 mutare
741 349 873 434 figuras:

95 436 293 501 Ormmerion
316 435 412 498 etiam
434 433 583 497 obscuras
606 433 739 497 accessit
761 433 800 495 ad
822 454 925 515 arces,

95 520 174 595 Quis
196 539 369 600 numquam
392 517 546 581 candente
568 517 634 580 dies
657 517 803 599 adparuit
824 520 910 598 ortu,
1024 527 1060 577 65

95 603 159 668 Seu
183 624 277 684 supra
298 604 399 664 terras
420 601 567 664 Phoebus
590 622 645 663 seu
667 604 806 663 curreret
826 599 924 663 infra:
1047 624 1056 635 ·

93 685 202 767 Vidit,
224 688 261 747 ut
282 683 407 747 inferno
429 683 576 747 Plutonis
598 683 724 747 subdita
745 705 845 767 regno

94 770 217 853 Magna
239 768 333 831 deum
354 769 459 850 proles
482 768 603 830 levibus
626 767 816 831 discurreret
836 767 973 849 umbris,

95 852 327 934 Praeteriitque
351 851 413 915 cita
436 851 580 915 Sirenum
602 851 697 914 litora
718 850 827 934 puppi.

94 936 192 1001 Illum
214 936 298 998 inter
319 934 466 1019 geminae
487 938 618 997 nantem
641 935 779 998 confinia
799 934 911 997 mortis
1025 946 1060 995 το

94 1020 165 1085 Nec
187 1018 311 1102 Scyllae
334 1039 426 1083 saeuo
450 1018 624 1081 conterruit
645 1018 782 1101 impetus
805 1040 873 1099 ore,

96 1104 179 1168 Cum
201 1103 331 1166 canibus
354 1100 479 1164 rabidas
501 1102 584 1165 inter
606 1101 673 1164 fera
695 1105 835 1184 serperet
855 1101 972 1183 undas,

95 1186 166 1251 Neo
188 1186 329 1249 violenta
350 1206 407 1248 suo
430 1185 627 1269 consumpsit
648 1206 736 1249 more
758 1184 951 1267 Charybdis,

94 1270 158 1334 Vel
179 1271 207 1333 si
230 1268 374 1332 sublimis
395 1269 493 1333 fluctu
515 1272 720 1353 consurgeret
741 1270 821 1351 imo,

94 1352 158 1418 Vel
180 1353 207 1416 si
229 1353 406 1435 interrupto
428 1351 563 1415 nudaret
584 1353 711 1436 gurgite
732 1356 875 1436 pontum.
1025 1364 1060 1413 to

95 1436 174 1503 Non
194 1436 313 1500 violata
334 1436 408 1520 vagi
430 1437 583 1500 sileantur
603 1458 722 1519 pascua
743 1435 841 1517 Solis,

96 1520 173 1586 Non
196 1542 285 1585 amor
307 1523 340 1584 et
359 1520 497 1584 fecunda
517 1520 700 1585 Atlantidos
723 1541 796 1582 arva
818 1518 988 1603 Calypsus,

95 1604 186 1668 Finis
209 1608 241 1669 et
263 1604 377 1668 erroris
398 1603 506 1667 miseri
529 1602 684 1668 Phaeacia
707 1604 811 1667 tellus

96 1688 204 1771 Atque
226 1687 304 1751 haec
326 1709 382 1751 seu
403 1692 529 1751 nostras
551 1687 635 1751 inter
657 1691 732 1751 sunt
752 1688 880 1771 cognita
900 1690 1015 1771 terras,

96 1771 220 1836 Fabula
242 1772 308 1835 sive
330 1792 450 1835 novum
471 1771 559 1835 dedit
579 1772 629 1834 his
652 1771 809 1835 erroribus
832 1772 956 1855 orbem,
1024 1784 1060 1833 80

97 1854 149 1920 Sit
168 1855 261 1919 labor
281 1855 381 1937 illius,
404 1859 459 1919 tua
481 1855 555 1918 dum
576 1855 739 1938 facundia,
762 1856 871 1919 maior.

139 1938 209 2002 Iam
229 1941 262 2003 te
282 1959 350 2002 non
372 1940 452 2002 alius
474 1939 552 2002 belli
572 1943 661 2002 tenet
682 1940 786 2023 aptius
808 1944 906 2022 artes,

97 2022 168 2098 Qua
190 2023 300 2086 deceat
320 2025 423 2085 tritam
445 2023 556 2086 castris
577 2023 767 2106 praeducere
789 2024 921 2106 fossam,

99 2105 242 2182 Qualiter
264 2105 413 2169 adversos
435 2105 521 2170 hosti
543 2105 679 2191 defigere
701 2128 825 2189 cervos,

98 2188 239 2264 Quemne
261 2189 367 2254 locum
390 2189 484 2253 ducto
507 2190 619 2254 melius
642 2191 685 2253 sit
706 2190 850 2255 claudere
871 2191 972 2274 vallo,
1025 2203 1061 2251 85

97 2270 252 2337 Fontibus
274 2276 311 2335 ut
332 2272 440 2337 dulces
463 2278 607 2357 erumpat
628 2277 712 2337 terra
732 2274 870 2357 liquores
877 2324 885 2355 ,

97 2354 144 2420 Vt
163 2356 329 2439 facilisque
350 2357 415 2420 tuis
437 2358 540 2421 aditus
563 2359 606 2422 sit
627 2361 659 2422 et
680 2358 795 2421 arduus
816 2357 917 2439 hosti,

96 2438 214 2503 Laudis
236 2443 269 2503 et
290 2440 420 2505 adsiduo
443 2442 549 2525 vigeat
571 2443 742 2506 certamine
763 2443 863 2506 miles

101 2523 178 2598 Quis
199 2523 361 2588 tardamue
383 2524 492 2588 sudem
514 2525 627 2589 melius
649 2527 821 2590 celeremue
843 2525 992 2610 sagittam

96 2605 213 2671 Iecerit
234 2610 289 2671 aut
309 2607 396 2671 lento
417 2609 607 2693 perfregerit
628 2609 721 2672 obvia
742 2609 831 2693 pilo?
1025 2622 1060 2670 ao

96 2692 164 2755 Aut
178 2690 248 2773 quis
264 2712 379 2773 equum
400 2692 534 2756 celerem
549 2696 685 2776 angusto
701 2714 889 2777 conpescere
904 2694 994 2756 freno

97 2772 205 2838 Possit
226 2776 260 2839 et
281 2775 396 2839 effusas
418 2775 509 2839 tardo
530 2776 714 2858 permittere
736 2776 889 2859 habenas,

96 2856 199 2940 Inque
220 2857 322 2922 vicem
343 2859 439 2922 modo
462 2859 581 2923 directo
605 2859 795 2924 contendere
817 2883 927 2945 passu,

98 2940 160 3005 Seu
183 2940 295 3024 libeat,
319 2964 413 3006 curvo
436 2943 561 3006 brevius
584 2946 767 3008 convertere
788 2966 883 3029 gyro,

98 3023 176 3098 Quis
192 3045 322 3171 parma,
345 3048 400 3090 seu
422 3026 531 3090 dextm
553 3027 630 3090 velit
651 3049 706 3091 seu
728 3028 831 3110 laeva,
853 3022 950 3110 tderi,
1025 3041 1058 3091 aa
1083 3066 1092 3080 ι

97 3106 171 3173 Sive
216 3130 252 3172 ao
274 3110 340 3174 sive
361 3109 435 3174 illac
456 3111 564 3175 veniat
585 3112 690 3193 gravis
714 3112 851 3195 impetus
875 3111 1001 3194 hastae,
1064 3162 1068 3168 .

96 3192 226 3275 Aptior,
250 3196 305 3256 aut
327 3193 453 3277 signata
474 3194 537 3257 cita
557 3194 628 3257 loca
649 3197 782 3279 tangere
803 3194 923 3258 funda?

96 3274 166 3339 Iam
189 3277 283 3340 simul
305 3278 433 3341 audacis
453 3278 584 3341 venient
606 3279 778 3342 certamina
798 3278 924 3363 Martis,

95 3359 309 3443 Adversisque
330 3364 445 3443 parent
466 3361 549 3426 acies
572 3382 758 3426 concurrere
779 3363 895 3444 signis,

96 3441 176 3506 'rum
199 3443 260 3507 tibi
281 3466 349 3509 non
370 3445 452 3510 desit
473 3446 587 3511 faciem
610 3467 789 3531 conponere
810 3468 951 3531 pugnae,
1010 3460 1062 3509 roo
