2302 3922
243 179 436 242 cauum
455 180 588 242 canti.
607 191 651 246 85.
667 191 711 247 aa
725 190 769 246 87.
784 191 829 249 88.
994 185 1036 252 (II

117 349 162 410 Et
181 356 247 410 tum
267 350 397 410 mirifice
418 351 561 429 sperabat
582 368 616 409 ae
637 367 706 409 eane
726 350 879 432 locutum,

160 433 238 495 Cum
255 429 403 513 iluautum
423 439 547 513 poterat
566 432 687 493 dixerat
706 434 863 496 hiuaIdiaa.

79 527 99 580 ⁵
122 515 246 595 Credo,
267 519 447 594 domator,
468 518 513 576 aie
534 516 629 595 Libet?
651 517 815 578 avunculus
836 523 917 600 eiua,

161 600 213 660 Sia
233 607 390 660 maternus
412 620 483 660 avua
505 599 625 660 dixerat
645 608 738 680 atque
759 604 834 663 avla.

119 683 188 745 Hoc
209 687 302 745 miano
322 686 356 744 iu
378 684 497 762 Syriam
517 686 698 762 requierant
719 687 858 751 omuibus
880 707 985 749 aurea:

160 768 317 828 Audibaut
338 767 445 827 eadem
465 769 543 827 haee
563 766 680 827 leniter
701 776 734 828 et
753 768 882 850 leviter,

118 850 184 911 Nee
204 854 264 912 tihi
285 849 412 932 postilla
433 852 611 911 metuebant
629 849 703 910 talia
722 853 832 929 verba,

63 943 103 996 10
165 934 243 996 Cum
264 937 367 995 subito
387 935 516 994 affertur
536 935 661 994 nuntius
682 934 860 1014 horribilis,

118 1018 220 1079 Ionios
240 1021 368 1095 fluetus,
390 1037 536 1098 posquam
556 1016 632 1077 illue
654 1018 764 1078 Arrius
786 1020 878 1098 iuuet,

161 1103 222 1163 iam
240 1122 303 1162 nau
323 1103 425 1162 Ionios
446 1119 532 1178 eane,
553 1101 609 1161 aed
630 1102 769 1162 Hionioa.
896 1146 906 1171 .

431 1223 638 1235 ———

446 1292 622 1364 LXXXV.

119 1375 185 1472 (idi
207 1422 240 1473 et
260 1433 336 1474 amo.
366 1433 460 1493 quare
481 1413 515 1474 id
535 1415 661 1493 faeiem,
682 1415 816 1474 fortasse
837 1415 979 1493 requirit.

160 1497 271 1557 Neaeie
295 1496 351 1558 aed
371 1499 442 1559 fieri
464 1499 564 1559 sentio
586 1505 617 1558 et
639 1499 809 1559 excrucior.

435 1687 628 1754 LXXXVI.

119 1771 248 1876 Quintia
267 1810 403 1872 formosa
424 1820 473 1873 eat
493 1812 612 1889 multia,
634 1812 709 1871 mihi
729 1807 874 1887 eandida,
895 1807 1002 1889 longa,

159 1892 255 1953 Recta
273 1902 328 1956 eat.
355 1897 433 1956 haee
452 1914 510 1976 ego
530 1897 575 1957 ate
597 1892 716 1974 singula
737 1894 903 1970 confiteor,

119 1973 232 2036 Totum
252 1975 333 2037 illud
354 1979 489 2040 formosa
509 1998 606 2058 nego:
627 1998 697 2038 uam
717 1975 801 2037 uulla
820 1983 980 2054 venustas,

159 2059 252 2120 Nulla
269 2063 302 2120 in
320 2069 382 2121 tam
402 2082 511 2143 magno
533 2070 583 2127 eat
604 2080 735 2142 corpore
756 2061 834 2121 mica
856 2058 936 2121 salis.

82 2141 230 2203 &Lesbia
244 2145 378 2205 formosa
400 2152 463 2225 eat,
486 2167 564 2228 quae
585 2167 653 2208 eum
670 2144 878 2226 pulcherrima
892 2150 957 2203 tota
975 2150 1033 2222 eat,

85 2263 87 2268 .
157 2226 235 2287 Tum
257 2229 397 2288 omuibus
419 2248 479 2291 una
500 2250 605 2292 amaea
627 2230 777 2310 surripuit
797 2227 947 2288 Veneres.

427 2419 638 2486 LXXXVII.

117 2500 213 2595 Nulla
231 2544 336 2616 potest
355 2539 469 2601 mulier
487 2548 606 2601 tautum
624 2560 659 2602 ae
681 2539 786 2600 dicere
807 2545 935 2598 amatam

158 2619 259 2698 Vere,
283 2630 429 2701 quantum
450 2645 468 2684 a
488 2644 537 2685 me
558 2624 671 2686 Lesbia
690 2629 788 2684 amata
808 2641 877 2683 mea
898 2641 941 2683 ea.

117 2701 208 2763 Nulla
227 2704 305 2766 fide·
327 2705 411 2768 nullo
431 2708 492 2769 fuit
511 2728 643 2788 unquam
663 2706 792 2768 foedere
814 2713 916 2784 tauta,

159 2787 278 2863 Quanta
298 2791 331 2849 iu
352 2809 456 2852 amore
477 2799 530 2852 tuo
553 2810 590 2852 ex
609 2798 699 2872 parte
719 2797 846 2872 reperta
866 2809 934 2850 mea
954 2795 1010 2849 eat.

429 2914 637 2925 —---.

418 2977 646 3045 LXXXVIII.

118 3059 204 3164 ilud
225 3095 364 3174 facitis,
386 3095 487 3174 Gelli,
510 3097 561 3175 qui
583 3116 652 3158 eum
669 3103 768 3159 matre
791 3103 884 3176 atque
904 3113 1012 3156 sorore

157 3180 265 3239 Prurit
283 3186 316 3239 et
336 3181 464 3240 abiectis
484 3179 648 3259 pervIgilat
668 3181 804 3241 tunicis?

116 3263 198 3340 Quid
216 3264 292 3325 facit
307 3265 349 3343 ia,
370 3271 512 3345 patruum
534 3265 586 3344 qui
605 3285 668 3325 nou
686 3265 759 3324 sinit
781 3282 850 3324 esse
868 3261 1033 3323 maritum?

157 3349 257 3426 Ecqui
276 3349 336 3408 scia
356 3356 501 3427 quantum
521 3349 668 3430 suscipiat
688 3345 841 3408 sceleris?

80 3430 272 3511 dsuetum,
294 3450 313 3490 ο
335 3430 437 3510 Gelli,
458 3440 603 3512 quantum
622 3451 686 3492 uon
707 3429 956 3574 ultimssuTethy'
