<?xml version="1.0" encoding="UTF-8"?>
<!DOCTYPE html PUBLIC "-//W3C//DTD XHTML 1.0 Transitional//EN"
    "http://www.w3.org/TR/xhtml1/DTD/xhtml1-transitional.dtd">
<html xmlns="http://www.w3.org/1999/xhtml" xml:lang="en" lang="en">
 <head>
  <title>
</title>
<meta http-equiv="Content-Type" content="text/html;charset=utf-8" />
  <meta name='ocr-system' content='tesseract 3.04.00' />
  <meta name='ocr-capabilities' content='ocr_page ocr_carea ocr_par ocr_line ocrx_word'/>
</head>
<body>
  <div class='ocr_page' id='page_1' title='image "./qvaleriicatulli00catugoog_0272.png"; bbox 0 0 2302 3922; ppageno 0'>
   <div class='ocr_carea' id='block_1_1' title="bbox 95 170 1052 246">
    <p class='ocr_par' dir='ltr' id='par_1_1' title="bbox 95 170 1052 246">
     <span class='ocr_line' id='line_1_1' title="bbox 95 170 1052 246; baseline 0.003 -16"><span class='ocrx_word' id='word_1_1' title='bbox 95 176 168 246; x_wconf 81' lang='lat' dir='ltr'>uu]</span> <span class='ocrx_word' id='word_1_2' title='bbox 515 178 623 234; x_wconf 80' lang='lat' dir='ltr'>amaa</span> <span class='ocrx_word' id='word_1_3' title='bbox 643 177 678 234; x_wconf 85' lang='lat' dir='ltr'>v.</span> <span class='ocrx_word' id='word_1_4' title='bbox 993 170 1052 234; x_wconf 88' lang='lat'>101</span> 
     </span>
    </p>
   </div>
   <div class='ocr_carea' id='block_1_2' title="bbox 91 338 1054 2018">
    <p class='ocr_par' dir='ltr' id='par_1_2' title="bbox 91 338 1054 2018">
     <span class='ocr_line' id='line_1_2' title="bbox 94 338 937 423; baseline 0 -19"><span class='ocrx_word' id='word_1_5' title='bbox 94 338 121 404; x_wconf 93' lang='lat'>0</span> <span class='ocrx_word' id='word_1_6' title='bbox 143 339 266 404; x_wconf 88' lang='lat' dir='ltr'>utinam</span> <span class='ocrx_word' id='word_1_7' title='bbox 288 339 328 403; x_wconf 91' lang='lat' dir='ltr'>ad</span> <span class='ocrx_word' id='word_1_8' title='bbox 349 342 471 405; x_wconf 86' lang='lat' dir='ltr'>vestros</span> <span class='ocrx_word' id='word_1_9' title='bbox 494 340 621 405; x_wconf 82' lang='lat' dir='ltr'>sedeam</span> <span class='ocrx_word' id='word_1_10' title='bbox 642 339 768 423; x_wconf 84' lang='lat' dir='ltr'>captiva</span> <span class='ocrx_word' id='word_1_11' title='bbox 790 338 937 423; x_wconf 88' lang='lat' dir='ltr'>Penates,</span> 
     </span>
     <span class='ocr_line' id='line_1_3' title="bbox 134 423 817 521; baseline 0 -35"><span class='ocrx_word' id='word_1_12' title='bbox 134 423 220 488; x_wconf 89' lang='lat' dir='ltr'>Dum</span> <span class='ocrx_word' id='word_1_13' title='bbox 242 424 366 507; x_wconf 85' lang='lat' dir='ltr'>captiva</span> <span class='ocrx_word' id='word_1_14' title='bbox 386 424 451 488; x_wconf 89' lang='lat' dir='ltr'>mei</span> <span class='ocrx_word' id='word_1_15' title='bbox 472 424 637 521; x_wconf 87' lang='lat' dir='ltr'>conspicer</span> <span class='ocrx_word' id='word_1_16' title='bbox 657 444 714 487; x_wconf 91' lang='lat' dir='ltr'>ora</span> <span class='ocrx_word' id='word_1_17' title='bbox 734 423 817 487; x_wconf 82' lang='lat' dir='ltr'>Tati.</span> 
     </span>
     <span class='ocr_line' id='line_1_4' title="bbox 92 506 1053 572; baseline -0.001 -1"><span class='ocrx_word' id='word_1_18' title='bbox 92 506 231 572; x_wconf 85' lang='lat' dir='ltr'>Romani</span> <span class='ocrx_word' id='word_1_19' title='bbox 252 511 377 572; x_wconf 85' lang='lat' dir='ltr'>montes</span> <span class='ocrx_word' id='word_1_20' title='bbox 400 510 432 572; x_wconf 89' lang='lat' dir='ltr'>et</span> <span class='ocrx_word' id='word_1_21' title='bbox 453 508 615 572; x_wconf 86' lang='lat' dir='ltr'>montrbus</span> <span class='ocrx_word' id='word_1_22' title='bbox 638 507 745 572; x_wconf 89' lang='lat' dir='ltr'>addita</span> <span class='ocrx_word' id='word_1_23' title='bbox 765 507 868 572; x_wconf 88' lang='lat' dir='ltr'>Roma</span> <span class='ocrx_word' id='word_1_24' title='bbox 1018 517 1053 570; x_wconf 72' lang='lat' dir='ltr'>ab</span> 
     </span>
     <span class='ocr_line' id='line_1_5' title="bbox 134 591 835 675; baseline 0 -20"><span class='ocrx_word' id='word_1_25' title='bbox 134 591 179 655; x_wconf 82' lang='lat' dir='ltr'>Et</span> <span class='ocrx_word' id='word_1_26' title='bbox 198 591 303 655; x_wconf 85' lang='lat' dir='ltr'>valeat</span> <span class='ocrx_word' id='word_1_27' title='bbox 322 591 449 675; x_wconf 86' lang='lat' dir='ltr'>probro</span> <span class='ocrx_word' id='word_1_28' title='bbox 463 591 564 656; x_wconf 85' lang='lat' dir='ltr'>Vesta</span> <span class='ocrx_word' id='word_1_29' title='bbox 584 591 733 675; x_wconf 86' lang='lat' dir='ltr'>pudenda</span> <span class='ocrx_word' id='word_1_30' title='bbox 753 612 835 655; x_wconf 89' lang='lat' dir='ltr'>meo.</span> 
     </span>
     <span class='ocr_line' id='line_1_6' title="bbox 92 675 968 759; baseline -0.001 -20"><span class='ocrx_word' id='word_1_31' title='bbox 92 675 151 740; x_wconf 90' lang='lat' dir='ltr'>Ille</span> <span class='ocrx_word' id='word_1_32' title='bbox 174 696 289 758; x_wconf 87' lang='lat' dir='ltr'>equus,</span> <span class='ocrx_word' id='word_1_33' title='bbox 311 675 366 740; x_wconf 92' lang='lat' dir='ltr'>ille</span> <span class='ocrx_word' id='word_1_34' title='bbox 388 696 475 740; x_wconf 89' lang='lat' dir='ltr'>meos</span> <span class='ocrx_word' id='word_1_35' title='bbox 497 676 533 739; x_wconf 93' lang='lat' dir='ltr'>in</span> <span class='ocrx_word' id='word_1_36' title='bbox 555 678 658 739; x_wconf 85' lang='lat' dir='ltr'>castra</span> <span class='ocrx_word' id='word_1_37' title='bbox 678 678 813 758; x_wconf 88' lang='lat' dir='ltr'>reponet</span> <span class='ocrx_word' id='word_1_38' title='bbox 834 696 968 759; x_wconf 83' lang='lat' dir='ltr'>amores,</span> 
     </span>
     <span class='ocr_line' id='line_1_7' title="bbox 135 758 836 842; baseline -0.003 -18"><span class='ocrx_word' id='word_1_39' title='bbox 135 759 194 824; x_wconf 91' lang='lat' dir='ltr'>Cui</span> <span class='ocrx_word' id='word_1_40' title='bbox 215 759 326 823; x_wconf 84' lang='lat' dir='ltr'>Tatius</span> <span class='ocrx_word' id='word_1_41' title='bbox 340 759 467 824; x_wconf 86' lang='lat' dir='ltr'>dextras</span> <span class='ocrx_word' id='word_1_42' title='bbox 489 760 625 824; x_wconf 89' lang='lat' dir='ltr'>collocat</span> <span class='ocrx_word' id='word_1_43' title='bbox 645 759 714 842; x_wconf 89' lang='lat' dir='ltr'>ipse</span> <span class='ocrx_word' id='word_1_44' title='bbox 735 758 836 822; x_wconf 88' lang='lat' dir='ltr'>iubas.</span> 
     </span>
     <span class='ocr_line' id='line_1_8' title="bbox 92 842 998 928; baseline 0 -21"><span class='ocrx_word' id='word_1_45' title='bbox 92 842 175 918; x_wconf 81' lang='lat' dir='ltr'>Quid</span> <span class='ocrx_word' id='word_1_46' title='bbox 196 842 312 907; x_wconf 89' lang='lat' dir='ltr'>mirum</span> <span class='ocrx_word' id='word_1_47' title='bbox 334 844 368 906; x_wconf 89' lang='lat' dir='ltr'>in</span> <span class='ocrx_word' id='word_1_48' title='bbox 390 844 511 927; x_wconf 87' lang='lat' dir='ltr'>patrios</span> <span class='ocrx_word' id='word_1_49' title='bbox 533 843 672 928; x_wconf 79' lang='lat' dir='ltr'><strong>Scyllam</strong></span> <span class='ocrx_word' id='word_1_50' title='bbox 694 843 832 907; x_wconf 84' lang='lat' dir='ltr'>saevisse</span> <span class='ocrx_word' id='word_1_51' title='bbox 854 843 998 928; x_wconf 87' lang='lat' dir='ltr'>capillos,</span> 
     </span>
     <span class='ocr_line' id='line_1_9' title="bbox 135 925 1053 1023; baseline -0.005 -31"><span class='ocrx_word' id='word_1_52' title='bbox 135 925 337 1023; x_wconf 82' lang='lat' dir='ltr'>Candidaque</span> <span class='ocrx_word' id='word_1_53' title='bbox 359 926 394 990; x_wconf 93' lang='lat' dir='ltr'>in</span> <span class='ocrx_word' id='word_1_54' title='bbox 416 948 526 992; x_wconf 87' lang='lat' dir='ltr'>saevos</span> <span class='ocrx_word' id='word_1_55' title='bbox 548 928 682 1012; x_wconf 82' lang='lat' dir='ltr'>inguina</span> <span class='ocrx_word' id='word_1_56' title='bbox 702 948 794 992; x_wconf 86' lang='lat' dir='ltr'>versa</span> <span class='ocrx_word' id='word_1_57' title='bbox 817 926 934 991; x_wconf 85' lang='lat' dir='ltr'>canes?</span> <span class='ocrx_word' id='word_1_58' title='bbox 1018 937 1053 988; x_wconf 87' lang='grc' dir='ltr'>4ο</span> 
     </span>
     <span class='ocr_line' id='line_1_10' title="bbox 92 1010 912 1094; baseline 0 -20"><span class='ocrx_word' id='word_1_59' title='bbox 92 1010 220 1075; x_wconf 89' lang='lat' dir='ltr'>Prodita</span> <span class='ocrx_word' id='word_1_60' title='bbox 241 1010 318 1094; x_wconf 79' lang='lat' dir='ltr'>quid</span> <span class='ocrx_word' id='word_1_61' title='bbox 338 1011 455 1075; x_wconf 90' lang='lat' dir='ltr'>mirum</span> <span class='ocrx_word' id='word_1_62' title='bbox 476 1011 609 1075; x_wconf 88' lang='lat' dir='ltr'>fraterni</span> <span class='ocrx_word' id='word_1_63' title='bbox 624 1032 744 1075; x_wconf 89' lang='lat' dir='ltr'>cornua</span> <span class='ocrx_word' id='word_1_64' title='bbox 763 1011 912 1094; x_wconf 80' lang='lat' dir='ltr'>monstri,</span> 
     </span>
     <span class='ocr_line' id='line_1_11' title="bbox 135 1093 807 1180; baseline 0 -22"><span class='ocrx_word' id='word_1_65' title='bbox 135 1093 215 1159; x_wconf 88' lang='lat' dir='ltr'>Cum</span> <span class='ocrx_word' id='word_1_66' title='bbox 237 1094 345 1180; x_wconf 83' lang='lat' dir='ltr'>patuit</span> <span class='ocrx_word' id='word_1_67' title='bbox 362 1095 444 1159; x_wconf 85' lang='lat' dir='ltr'>lecto</span> <span class='ocrx_word' id='word_1_68' title='bbox 468 1095 605 1159; x_wconf 88' lang='lat' dir='ltr'>stamine</span> <span class='ocrx_word' id='word_1_69' title='bbox 625 1097 713 1158; x_wconf 87' lang='lat' dir='ltr'>torta</span> <span class='ocrx_word' id='word_1_70' title='bbox 733 1094 807 1159; x_wconf 81' lang='lat' dir='ltr'>via?</span> 
     </span>
     <span class='ocr_line' id='line_1_12' title="bbox 92 1177 1009 1264; baseline 0 -22"><span class='ocrx_word' id='word_1_71' title='bbox 92 1177 252 1253; x_wconf 81' lang='lat' dir='ltr'>Quantum</span> <span class='ocrx_word' id='word_1_72' title='bbox 275 1199 335 1263; x_wconf 86' lang='lat' dir='ltr'>ego</span> <span class='ocrx_word' id='word_1_73' title='bbox 357 1200 428 1243; x_wconf 88' lang='lat' dir='ltr'>sum</span> <span class='ocrx_word' id='word_1_74' title='bbox 442 1179 592 1244; x_wconf 84' lang='lat' dir='ltr'>Ausoniis</span> <span class='ocrx_word' id='word_1_75' title='bbox 613 1179 733 1242; x_wconf 89' lang='lat' dir='ltr'>crimen</span> <span class='ocrx_word' id='word_1_76' title='bbox 746 1178 870 1244; x_wconf 88' lang='lat' dir='ltr'>factura</span> <span class='ocrx_word' id='word_1_77' title='bbox 883 1179 1009 1264; x_wconf 83' lang='lat' dir='ltr'>puellis,</span> 
     </span>
     <span class='ocr_line' id='line_1_13' title="bbox 133 1262 823 1346; baseline 0.001 -20"><span class='ocrx_word' id='word_1_78' title='bbox 133 1262 275 1346; x_wconf 84' lang='lat' dir='ltr'>Inproba</span> <span class='ocrx_word' id='word_1_79' title='bbox 295 1262 440 1346; x_wconf 75' lang='lat' dir='ltr'>virgineo</span> <span class='ocrx_word' id='word_1_80' title='bbox 463 1262 546 1327; x_wconf 90' lang='lat' dir='ltr'>lecta</span> <span class='ocrx_word' id='word_1_81' title='bbox 566 1263 714 1326; x_wconf 87' lang='lat' dir='ltr'>ministra</span> <span class='ocrx_word' id='word_1_82' title='bbox 735 1262 823 1327; x_wconf 86' lang='lat' dir='ltr'>foco!</span> 
     </span>
     <span class='ocr_line' id='line_1_14' title="bbox 91 1346 1053 1431; baseline -0.002 -20"><span class='ocrx_word' id='word_1_83' title='bbox 91 1346 239 1411; x_wconf 89' lang='lat' dir='ltr'>Pallados</span> <span class='ocrx_word' id='word_1_84' title='bbox 262 1346 418 1411; x_wconf 83' lang='lat' dir='ltr'>extinctos</span> <span class='ocrx_word' id='word_1_85' title='bbox 440 1346 540 1431; x_wconf 90' lang='lat' dir='ltr'>siquis</span> <span class='ocrx_word' id='word_1_86' title='bbox 561 1346 728 1410; x_wconf 89' lang='lat' dir='ltr'>mirabitur</span> <span class='ocrx_word' id='word_1_87' title='bbox 749 1346 852 1431; x_wconf 85' lang='lat' dir='ltr'>ignes,</span> <span class='ocrx_word' id='word_1_88' title='bbox 1018 1357 1053 1409; x_wconf 67' lang='lat'>4⁶</span> 
     </span>
     <span class='ocr_line' id='line_1_15' title="bbox 134 1429 835 1515; baseline 0 -22"><span class='ocrx_word' id='word_1_89' title='bbox 134 1429 303 1514; x_wconf 84' lang='lat' dir='ltr'>ignescat:</span> <span class='ocrx_word' id='word_1_90' title='bbox 325 1430 464 1494; x_wconf 81' lang='lat' dir='ltr'>lacrimis</span> <span class='ocrx_word' id='word_1_91' title='bbox 486 1430 650 1515; x_wconf 74' lang='lat' dir='ltr'>spargitur</span> <span class='ocrx_word' id='word_1_92' title='bbox 670 1452 725 1495; x_wconf 89' lang='lat' dir='ltr'>ara</span> <span class='ocrx_word' id='word_1_93' title='bbox 745 1430 835 1494; x_wconf 86' lang='lat' dir='ltr'>meis.</span> 
     </span>
     <span class='ocr_line' id='line_1_16' title="bbox 93 1513 866 1599; baseline -0.001 -19"><span class='ocrx_word' id='word_1_94' title='bbox 93 1513 179 1597; x_wconf 85' lang='lat' dir='ltr'>Cras,</span> <span class='ocrx_word' id='word_1_95' title='bbox 201 1518 238 1579; x_wconf 88' lang='lat' dir='ltr'>ut</span> <span class='ocrx_word' id='word_1_96' title='bbox 257 1535 365 1578; x_wconf 86' lang='lat' dir='ltr'>rumor</span> <span class='ocrx_word' id='word_1_97' title='bbox 386 1515 445 1598; x_wconf 88' lang='lat' dir='ltr'>ait,</span> <span class='ocrx_word' id='word_1_98' title='bbox 467 1517 538 1578; x_wconf 89' lang='lat' dir='ltr'>tota</span> <span class='ocrx_word' id='word_1_99' title='bbox 557 1514 753 1599; x_wconf 79' lang='lat' dir='ltr'>pugnabitur</span> <span class='ocrx_word' id='word_1_100' title='bbox 773 1515 866 1579; x_wconf 80' lang='lat' dir='ltr'>urbe:</span> 
     </span>
     <span class='ocr_line' id='line_1_17' title="bbox 134 1598 762 1684; baseline 0.002 -22"><span class='ocrx_word' id='word_1_101' title='bbox 134 1599 182 1662; x_wconf 85' lang='lat' dir='ltr'>Tu</span> <span class='ocrx_word' id='word_1_102' title='bbox 204 1620 278 1663; x_wconf 88' lang='lat' dir='ltr'>cave</span> <span class='ocrx_word' id='word_1_103' title='bbox 301 1599 423 1682; x_wconf 90' lang='lat' dir='ltr'>spinosi</span> <span class='ocrx_word' id='word_1_104' title='bbox 443 1598 551 1663; x_wconf 87' lang='lat' dir='ltr'>rorida</span> <span class='ocrx_word' id='word_1_105' title='bbox 571 1601 664 1683; x_wconf 89' lang='lat' dir='ltr'>terga</span> <span class='ocrx_word' id='word_1_106' title='bbox 684 1599 762 1684; x_wconf 84' lang='lat' dir='ltr'>iugi.</span> 
     </span>
     <span class='ocr_line' id='line_1_18' title="bbox 91 1682 932 1767; baseline 0.001 -21"><span class='ocrx_word' id='word_1_107' title='bbox 91 1682 227 1746; x_wconf 88' lang='lat' dir='ltr'>Lubrica</span> <span class='ocrx_word' id='word_1_108' title='bbox 246 1686 317 1747; x_wconf 85' lang='lat' dir='ltr'>tota</span> <span class='ocrx_word' id='word_1_109' title='bbox 338 1684 420 1748; x_wconf 84' lang='lat' dir='ltr'>viast</span> <span class='ocrx_word' id='word_1_110' title='bbox 442 1687 475 1748; x_wconf 87' lang='lat' dir='ltr'>et</span> <span class='ocrx_word' id='word_1_111' title='bbox 494 1683 630 1767; x_wconf 87' lang='lat' dir='ltr'>perfida:</span> <span class='ocrx_word' id='word_1_112' title='bbox 653 1684 770 1767; x_wconf 89' lang='lat' dir='ltr'>quippe</span> <span class='ocrx_word' id='word_1_113' title='bbox 791 1685 932 1748; x_wconf 81' lang='lat' dir='ltr'>tacentes</span> 
     </span>
     <span class='ocr_line' id='line_1_19' title="bbox 133 1766 1054 1851; baseline 0.001 -21"><span class='ocrx_word' id='word_1_114' title='bbox 133 1766 254 1832; x_wconf 82' lang='lat' dir='ltr'>Fallaci</span> <span class='ocrx_word' id='word_1_115' title='bbox 277 1767 359 1831; x_wconf 88' lang='lat' dir='ltr'>celat</span> <span class='ocrx_word' id='word_1_116' title='bbox 380 1768 483 1831; x_wconf 89' lang='lat' dir='ltr'>limite</span> <span class='ocrx_word' id='word_1_117' title='bbox 505 1789 631 1851; x_wconf 91' lang='lat' dir='ltr'>semper</span> <span class='ocrx_word' id='word_1_118' title='bbox 653 1789 758 1851; x_wconf 89' lang='lat' dir='ltr'>aquas.</span> <span class='ocrx_word' id='word_1_119' title='bbox 1018 1778 1054 1831; x_wconf 76' lang='lat' dir='ltr'>te</span> 
     </span>
     <span class='ocr_line' id='line_1_20' title="bbox 93 1850 932 1935; baseline -0.001 -19"><span class='ocrx_word' id='word_1_120' title='bbox 93 1850 119 1916; x_wconf 94' lang='lat'>0</span> <span class='ocrx_word' id='word_1_121' title='bbox 142 1851 266 1915; x_wconf 83' lang='lat' dir='ltr'>utinam</span> <span class='ocrx_word' id='word_1_122' title='bbox 288 1851 431 1935; x_wconf 81' lang='lat' dir='ltr'>magicae</span> <span class='ocrx_word' id='word_1_123' title='bbox 453 1872 582 1915; x_wconf 91' lang='lat' dir='ltr'>nossem</span> <span class='ocrx_word' id='word_1_124' title='bbox 604 1852 787 1914; x_wconf 88' lang='lat' dir='ltr'>cantamina</span> <span class='ocrx_word' id='word_1_125' title='bbox 806 1850 932 1915; x_wconf 80' lang='lat' dir='ltr'>Musae!</span> 
     </span>
     <span class='ocr_line' id='line_1_21' title="bbox 134 1933 850 2018; baseline 0.001 -22"><span class='ocrx_word' id='word_1_126' title='bbox 134 1933 223 1997; x_wconf 89' lang='lat' dir='ltr'>Haec</span> <span class='ocrx_word' id='word_1_127' title='bbox 244 1954 369 2017; x_wconf 89' lang='lat' dir='ltr'>quoque</span> <span class='ocrx_word' id='word_1_128' title='bbox 390 1934 530 1998; x_wconf 85' lang='lat' dir='ltr'>formoso</span> <span class='ocrx_word' id='word_1_129' title='bbox 553 1934 664 2018; x_wconf 87' lang='lat' dir='ltr'>lingua</span> <span class='ocrx_word' id='word_1_130' title='bbox 683 1934 810 1997; x_wconf 85' lang='lat' dir='ltr'>tulisset</span> <span class='ocrx_word' id='word_1_131' title='bbox 831 1954 850 1997; x_wconf 92' lang='grc' dir='ltr'>ο</span> 
     </span>
    </p>
   </div>
   <div class='ocr_carea' id='block_1_3' title="bbox 91 1954 990 2224">
    <p class='ocr_par' dir='ltr' id='par_1_3' title="bbox 91 1954 990 2224">
     <span class='ocr_line' id='line_1_22' title="bbox 91 1954 990 2102; baseline 0.002 -22"><span class='ocrx_word' id='word_1_132' title='bbox 91 2017 137 2082; x_wconf 82' lang='lat' dir='ltr'>Te</span> <span class='ocrx_word' id='word_1_133' title='bbox 152 2020 231 2102; x_wconf 87' lang='lat' dir='ltr'>toga</span> <span class='ocrx_word' id='word_1_134' title='bbox 244 2018 329 2100; x_wconf 88' lang='lat' dir='ltr'>picta</span> <span class='ocrx_word' id='word_1_135' title='bbox 344 2016 444 2100; x_wconf 86' lang='lat' dir='ltr'>decet,</span> <span class='ocrx_word' id='word_1_136' title='bbox 459 2038 634 2100; x_wconf 87' lang='lat' dir='ltr'>nonquam</span> <span class='ocrx_word' id='word_1_137' title='bbox 649 2017 717 2081; x_wconf 87' lang='lat' dir='ltr'>sine</span> <span class='ocrx_word' id='word_1_138' title='bbox 731 2017 842 2081; x_wconf 84' lang='lat' dir='ltr'>matris</span> <span class='ocrx_word' id='word_1_139' title='bbox 851 1954 990 2082; x_wconf 52' lang='lat' dir='ltr'>lillin-</span> 
     </span>
     <span class='ocr_line' id='line_1_23' title="bbox 134 2099 822 2224; baseline -0.001 -58"><span class='ocrx_word' id='word_1_140' title='bbox 134 2101 246 2166; x_wconf 84' lang='lat' dir='ltr'>Nutrit</span> <span class='ocrx_word' id='word_1_141' title='bbox 267 2099 464 2224; x_wconf 50' lang='lat' dir='ltr'>inhumanae</span> <span class='ocrx_word' id='word_1_142' title='bbox 479 2101 558 2165; x_wconf 91' lang='lat' dir='ltr'>dura</span> <span class='ocrx_word' id='word_1_143' title='bbox 579 2102 710 2224; x_wconf 53' lang='lat' dir='ltr'>papilla*</span> <span class='ocrx_word' id='word_1_144' title='bbox 719 2101 822 2186; x_wconf 88' lang='lat' dir='ltr'>lupae.</span> 
     </span>
    </p>
   </div>
   <div class='ocr_carea' id='block_1_4' title="bbox 91 2232 1054 3513">
    <p class='ocr_par' dir='ltr' id='par_1_4' title="bbox 91 2232 1054 3513">
     <span class='ocr_line' id='line_1_24' title="bbox 91 2232 1053 2354; baseline -0.001 -20"><span class='ocrx_word' id='word_1_145' title='bbox 91 2268 176 2352; x_wconf 68' lang='lat' dir='ltr'>&#39;sdic</span> <span class='ocrx_word' id='word_1_146' title='bbox 197 2269 314 2353; x_wconf 88' lang='lat' dir='ltr'>hospes</span> <span class='ocrx_word' id='word_1_147' title='bbox 335 2270 498 2352; x_wconf 87' lang='lat' dir='ltr'>pariamne</span> <span class='ocrx_word' id='word_1_148' title='bbox 518 2232 709 2354; x_wconf 68' lang='lat' dir='ltr'>tua*regina</span> <span class='ocrx_word' id='word_1_149' title='bbox 730 2269 788 2334; x_wconf 91' lang='lat' dir='ltr'>sub</span> <span class='ocrx_word' id='word_1_150' title='bbox 810 2269 891 2353; x_wconf 88' lang='lat' dir='ltr'>aula,</span> <span class='ocrx_word' id='word_1_151' title='bbox 1019 2281 1053 2334; x_wconf 76' lang='lat' dir='ltr'>oc</span> 
     </span>
     <span class='ocr_line' id='line_1_25' title="bbox 134 2351 910 2437; baseline 0.001 -20"><span class='ocrx_word' id='word_1_152' title='bbox 134 2352 202 2418; x_wconf 89' lang='lat' dir='ltr'>Dos</span> <span class='ocrx_word' id='word_1_153' title='bbox 224 2353 284 2417; x_wconf 91' lang='lat' dir='ltr'>tibi</span> <span class='ocrx_word' id='word_1_154' title='bbox 305 2374 372 2418; x_wconf 88' lang='lat' dir='ltr'>nen</span> <span class='ocrx_word' id='word_1_155' title='bbox 392 2351 521 2417; x_wconf 90' lang='lat' dir='ltr'>humilis</span> <span class='ocrx_word' id='word_1_156' title='bbox 542 2353 669 2437; x_wconf 87' lang='lat' dir='ltr'>prodita</span> <span class='ocrx_word' id='word_1_157' title='bbox 689 2353 792 2418; x_wconf 90' lang='lat' dir='ltr'>Roma</span> <span class='ocrx_word' id='word_1_158' title='bbox 813 2355 910 2418; x_wconf 88' lang='lat' dir='ltr'>venit.</span> 
     </span>
     <span class='ocr_line' id='line_1_26' title="bbox 93 2437 920 2522; baseline 0.001 -21"><span class='ocrx_word' id='word_1_159' title='bbox 93 2438 127 2502; x_wconf 81' lang='lat' dir='ltr'>Si</span> <span class='ocrx_word' id='word_1_160' title='bbox 148 2438 271 2520; x_wconf 86' lang='lat' dir='ltr'>minus,</span> <span class='ocrx_word' id='word_1_161' title='bbox 295 2440 329 2501; x_wconf 85' lang='lat' dir='ltr'>at</span> <span class='ocrx_word' id='word_1_162' title='bbox 349 2440 459 2520; x_wconf 86' lang='lat' dir='ltr'>raptae</span> <span class='ocrx_word' id='word_1_163' title='bbox 479 2458 521 2501; x_wconf 91' lang='lat' dir='ltr'>ne</span> <span class='ocrx_word' id='word_1_164' title='bbox 543 2438 608 2502; x_wconf 90' lang='lat' dir='ltr'>sint</span> <span class='ocrx_word' id='word_1_165' title='bbox 629 2439 748 2522; x_wconf 88' lang='lat' dir='ltr'>inpune</span> <span class='ocrx_word' id='word_1_166' title='bbox 770 2437 920 2502; x_wconf 83' lang='lat' dir='ltr'>Sabinae:</span> 
     </span>
     <span class='ocr_line' id='line_1_27' title="bbox 134 2521 852 2606; baseline 0.001 -22"><span class='ocrx_word' id='word_1_167' title='bbox 134 2521 187 2585; x_wconf 91' lang='lat' dir='ltr'>Me</span> <span class='ocrx_word' id='word_1_168' title='bbox 209 2543 285 2605; x_wconf 92' lang='lat' dir='ltr'>rape</span> <span class='ocrx_word' id='word_1_169' title='bbox 307 2524 340 2586; x_wconf 91' lang='lat' dir='ltr'>et</span> <span class='ocrx_word' id='word_1_170' title='bbox 361 2521 484 2585; x_wconf 88' lang='lat' dir='ltr'>alterna</span> <span class='ocrx_word' id='word_1_171' title='bbox 505 2522 578 2606; x_wconf 88' lang='lat' dir='ltr'>lege</span> <span class='ocrx_word' id='word_1_172' title='bbox 599 2522 737 2606; x_wconf 86' lang='lat' dir='ltr'>repende</span> <span class='ocrx_word' id='word_1_173' title='bbox 758 2522 852 2586; x_wconf 78' lang='lat' dir='ltr'>vices.</span> 
     </span>
     <span class='ocr_line' id='line_1_28' title="bbox 93 2605 922 2690; baseline -0.001 -19"><span class='ocrx_word' id='word_1_174' title='bbox 93 2605 277 2671; x_wconf 87' lang='lat' dir='ltr'>Conmissas</span> <span class='ocrx_word' id='word_1_175' title='bbox 299 2606 381 2670; x_wconf 86' lang='lat' dir='ltr'>acies</span> <span class='ocrx_word' id='word_1_176' title='bbox 404 2627 421 2669; x_wconf 89' lang='lat' dir='ltr'>e</span> <span class='ocrx_word' id='word_1_177' title='bbox 446 2626 465 2669; x_wconf 93' lang='lat' dir='ltr'>o</span> <span class='ocrx_word' id='word_1_178' title='bbox 487 2627 618 2690; x_wconf 85' lang='lat' dir='ltr'>possum</span> <span class='ocrx_word' id='word_1_179' title='bbox 632 2606 769 2670; x_wconf 84' lang='lat' dir='ltr'>solvere:</span> <span class='ocrx_word' id='word_1_180' title='bbox 793 2609 922 2690; x_wconf 87' lang='lat' dir='ltr'>nuptae,</span> 
     </span>
     <span class='ocr_line' id='line_1_29' title="bbox 132 2626 1054 2773; baseline 0 -18"><span class='ocrx_word' id='word_1_181' title='bbox 132 2691 201 2756; x_wconf 86' lang='lat' dir='ltr'>&#39;Vos</span> <span class='ocrx_word' id='word_1_182' title='bbox 223 2689 362 2754; x_wconf 90' lang='lat' dir='ltr'>medium</span> <span class='ocrx_word' id='word_1_183' title='bbox 383 2626 469 2773; x_wconf 73' lang='lat' dir='ltr'>palla</span> <span class='ocrx_word' id='word_1_184' title='bbox 489 2690 601 2754; x_wconf 83' lang='lat' dir='ltr'>foedus</span> <span class='ocrx_word' id='word_1_185' title='bbox 623 2690 702 2753; x_wconf 88' lang='lat' dir='ltr'>inite</span> <span class='ocrx_word' id='word_1_186' title='bbox 724 2711 802 2754; x_wconf 90' lang='lat' dir='ltr'>mea.</span> <span class='ocrx_word' id='word_1_187' title='bbox 1019 2703 1054 2755; x_wconf 80' lang='grc'>60</span> 
     </span>
     <span class='ocr_line' id='line_1_30' title="bbox 91 2773 1012 2923; baseline 0.002 -85"><span class='ocrx_word' id='word_1_188' title='bbox 91 2775 184 2840; x_wconf 82' lang='lat' dir='ltr'>Adde</span> <span class='ocrx_word' id='word_1_189' title='bbox 217 2773 402 2859; x_wconf 85' lang='lat' dir='ltr'>Hymenaee</span> <span class='ocrx_word' id='word_1_190' title='bbox 434 2773 560 2857; x_wconf 83' lang='lat' dir='ltr'>modos,</span> <span class='ocrx_word' id='word_1_191' title='bbox 592 2774 721 2839; x_wconf 88' lang='lat' dir='ltr'>tubicen</span> <span class='ocrx_word' id='word_1_192' title='bbox 752 2775 820 2923; x_wconf 59' lang='lat' dir='ltr'>ipra</span> <span class='ocrx_word' id='word_1_193' title='bbox 850 2796 1012 2840; x_wconf 84' lang='lat' dir='ltr'>murmura</span> 
     </span>
     <span class='ocr_line' id='line_1_31' title="bbox 699 2880 815 2924; baseline 0.009 -1"><span class='ocrx_word' id='word_1_194' title='bbox 699 2880 760 2923; x_wconf 90' lang='lat' dir='ltr'>con</span> <span class='ocrx_word' id='word_1_195' title='bbox 782 2881 815 2924; x_wconf 88' lang='lat' dir='ltr'>e:</span> 
     </span>
     <span class='ocr_line' id='line_1_32' title="bbox 135 2940 886 3025; baseline 0 -17"><span class='ocrx_word' id='word_1_196' title='bbox 135 2940 272 3025; x_wconf 75' lang='lat' dir='ltr'>Credite,</span> <span class='ocrx_word' id='word_1_197' title='bbox 293 2946 399 3008; x_wconf 84' lang='lat' dir='ltr'>vestra</span> <span class='ocrx_word' id='word_1_198' title='bbox 421 2964 510 3008; x_wconf 87' lang='lat' dir='ltr'>meus</span> <span class='ocrx_word' id='word_1_199' title='bbox 533 2942 657 3007; x_wconf 90' lang='lat' dir='ltr'>molliet</span> <span class='ocrx_word' id='word_1_200' title='bbox 677 2963 766 3008; x_wconf 89' lang='lat' dir='ltr'>arma</span> <span class='ocrx_word' id='word_1_201' title='bbox 787 2947 886 3008; x_wconf 88' lang='lat' dir='ltr'>torus.</span> 
     </span>
     <span class='ocr_line' id='line_1_33' title="bbox 93 3025 932 3111; baseline -0.001 -20"><span class='ocrx_word' id='word_1_202' title='bbox 93 3025 234 3091; x_wconf 87' lang='lat' dir='ltr'>Setiam</span> <span class='ocrx_word' id='word_1_203' title='bbox 255 3029 368 3108; x_wconf 88' lang='lat' dir='ltr'>quarta</span> <span class='ocrx_word' id='word_1_204' title='bbox 389 3028 475 3091; x_wconf 90' lang='lat' dir='ltr'>canit</span> <span class='ocrx_word' id='word_1_205' title='bbox 496 3030 661 3091; x_wconf 86' lang='lat' dir='ltr'>venturam</span> <span class='ocrx_word' id='word_1_206' title='bbox 682 3026 799 3091; x_wconf 90' lang='lat' dir='ltr'>bucina</span> <span class='ocrx_word' id='word_1_207' title='bbox 819 3027 932 3111; x_wconf 88' lang='lat' dir='ltr'>lucem,</span> 
     </span>
     <span class='ocr_line' id='line_1_34' title="bbox 134 3108 895 3194; baseline 0.005 -22"><span class='ocrx_word' id='word_1_208' title='bbox 134 3108 270 3192; x_wconf 87' lang='lat' dir='ltr'>Ipsaque</span> <span class='ocrx_word' id='word_1_209' title='bbox 291 3109 327 3173; x_wconf 92' lang='lat' dir='ltr'>in</span> <span class='ocrx_word' id='word_1_210' title='bbox 348 3109 509 3175; x_wconf 82' lang='lat' dir='ltr'>Oceanum</span> <span class='ocrx_word' id='word_1_211' title='bbox 531 3111 635 3176; x_wconf 85' lang='lat' dir='ltr'>sidera</span> <span class='ocrx_word' id='word_1_212' title='bbox 654 3111 745 3194; x_wconf 88' lang='lat' dir='ltr'>lapsa</span> <span class='ocrx_word' id='word_1_213' title='bbox 767 3109 895 3176; x_wconf 84' lang='lat' dir='ltr'>cadunt.</span> 
     </span>
     <span class='ocr_line' id='line_1_35' title="bbox 93 3193 1052 3290; baseline 0.003 -31"><span class='ocrx_word' id='word_1_214' title='bbox 93 3194 143 3259; x_wconf 82' lang='lat' dir='ltr'>Ex</span> <span class='ocrx_word' id='word_1_215' title='bbox 167 3193 249 3256; x_wconf 87' lang='lat' dir='ltr'>eriar</span> <span class='ocrx_word' id='word_1_216' title='bbox 270 3213 427 3275; x_wconf 85' lang='lat' dir='ltr'>somnum,</span> <span class='ocrx_word' id='word_1_217' title='bbox 449 3194 488 3257; x_wconf 95' lang='lat' dir='ltr'>de</span> <span class='ocrx_word' id='word_1_218' title='bbox 509 3197 542 3258; x_wconf 89' lang='lat' dir='ltr'>te</span> <span class='ocrx_word' id='word_1_219' title='bbox 563 3193 643 3259; x_wconf 90' lang='lat' dir='ltr'>mihi</span> <span class='ocrx_word' id='word_1_220' title='bbox 666 3194 790 3257; x_wconf 88' lang='lat' dir='ltr'>somnia</span> <span class='ocrx_word' id='word_1_221' title='bbox 812 3215 976 3290; x_wconf 81' lang='lat' dir='ltr'>quaeram:</span> <span class='ocrx_word' id='word_1_222' title='bbox 1019 3210 1052 3262; x_wconf 76' lang='lat' dir='ltr'>ec</span> 
     </span>
     <span class='ocr_line' id='line_1_36' title="bbox 134 3215 867 3361; baseline 0 -20"><span class='ocrx_word' id='word_1_223' title='bbox 134 3215 198 3341; x_wconf 66' lang='lat' dir='ltr'>Flac</span> <span class='ocrx_word' id='word_1_224' title='bbox 219 3276 327 3342; x_wconf 85' lang='lat' dir='ltr'>venias</span> <span class='ocrx_word' id='word_1_225' title='bbox 348 3276 449 3340; x_wconf 89' lang='lat' dir='ltr'>oculis</span> <span class='ocrx_word' id='word_1_226' title='bbox 469 3276 582 3342; x_wconf 87' lang='lat' dir='ltr'>umbra</span> <span class='ocrx_word' id='word_1_227' title='bbox 603 3277 744 3361; x_wconf 86' lang='lat' dir='ltr'>benigna</span> <span class='ocrx_word' id='word_1_228' title='bbox 764 3285 867 3343; x_wconf 65' lang='lat' dir='ltr'>mers!</span> 
     </span>
     <span class='ocr_line' id='line_1_37' title="bbox 92 3359 852 3448; baseline 0 -22"><span class='ocrx_word' id='word_1_229' title='bbox 92 3361 192 3444; x_wconf 84' lang='lat' dir='ltr'>Dixit,</span> <span class='ocrx_word' id='word_1_230' title='bbox 215 3364 248 3425; x_wconf 88' lang='lat' dir='ltr'>et</span> <span class='ocrx_word' id='word_1_231' title='bbox 268 3360 390 3425; x_wconf 86' lang='lat' dir='ltr'>incerto</span> <span class='ocrx_word' id='word_1_232' title='bbox 412 3360 558 3444; x_wconf 83' lang='lat' dir='ltr'>permisit</span> <span class='ocrx_word' id='word_1_233' title='bbox 578 3359 707 3425; x_wconf 88' lang='lat' dir='ltr'>brachia</span> <span class='ocrx_word' id='word_1_234' title='bbox 728 3382 852 3448; x_wconf 88' lang='lat' dir='ltr'>somno,</span> 
     </span>
     <span class='ocr_line' id='line_1_38' title="bbox 134 3443 751 3513; baseline 0.003 -2"><span class='ocrx_word' id='word_1_235' title='bbox 134 3444 253 3511; x_wconf 87' lang='lat' dir='ltr'>Nescia</span> <span class='ocrx_word' id='word_1_236' title='bbox 273 3466 307 3510; x_wconf 92' lang='lat' dir='ltr'>se</span> <span class='ocrx_word' id='word_1_237' title='bbox 328 3443 421 3510; x_wconf 85' lang='lat' dir='ltr'>furiis</span> <span class='ocrx_word' id='word_1_238' title='bbox 444 3444 628 3509; x_wconf 85' lang='lat' dir='ltr'>accubuisse</span> <span class='ocrx_word' id='word_1_239' title='bbox 649 3445 751 3513; x_wconf 88' lang='lat' dir='ltr'>novis.</span> 
     </span>
    </p>
   </div>
   <div class='ocr_carea' id='block_1_5' title="bbox 0 0 1156 3922">
    <p class='ocr_par' dir='ltr' id='par_1_5' title="bbox 0 0 1156 3922">
     <span class='ocr_line' id='line_1_39' title="bbox 0 0 1156 3922; baseline 0 0"><span class='ocrx_word' id='word_1_240' title='bbox 0 0 1156 3922; x_wconf 95' lang='lat' dir='ltr'> </span> 
     </span>
    </p>
   </div>
  </div>
 </body>
</html>
