2302 3922
114 205 156 273 12
496 214 689 270 eaoruarn
1003 216 1080 290 [vn.

178 373 265 452 Quae
286 375 401 441 mulier
421 375 534 440 rabida
554 375 653 441 iactat
674 377 817 442 convicia
837 378 963 462 lingua,

219 458 263 524 Ee
283 459 417 525 Veneris
440 481 574 545 magnae
595 460 733 525 volvitur
757 465 831 526 ante
852 461 959 544 pedes,

178 541 356 608 Custodum
376 544 529 628 gregibus
553 543 636 607 eirca
657 565 713 609 scu
735 545 832 629 slipal
854 547 997 623 euntem,

220 624 283 690 Seu
305 628 447 709 sequitur
468 626 603 710 medias,
626 625 756 692 Maenas
778 631 815 692 111
835 629 914 703 ieta,
936 628 1024 711 vias,

128 721 161 773 15
177 708 240 773 Seu
261 709 407 774 timidam
429 711 539 775 crebro
562 711 721 775 dementia
742 711 867 776 somnia
885 714 1024 794 terrent,

221 792 283 857 Seu
304 794 452 858 miseram
473 795 508 858 in
529 795 638 858 tabula
659 795 746 879 pieta
767 795 873 879 puella
893 798 1012 878 movele,

176 876 238 941 His
261 898 321 962 ego
344 878 511 942 tormentis
533 878 632 942 animi
653 900 723 942 sum
743 900 836 944 verus
862 900 1013 961 aruspex,

219 960 287 1025 Has
311 960 409 1026 didici
430 964 517 1027 certo
540 981 634 1045 saepe
656 962 691 1026 in
712 983 820 1027 amore
840 964 944 1027 notas.

179 1043 256 1111 Non
278 1048 327 1110 esl
348 1048 434 1110 certa
455 1045 550 1128 fides,
574 1067 668 1129 quam
688 1067 756 1110 non
776 1046 893 1110 iniuria
912 1046 1035 1108 versat:

128 1141 163 1191 20
219 1126 377 1194 Hostibus
399 1129 524 1193 eveniat
545 1129 637 1194 lenta·
653 1128 759 1213 puella
779 1129 868 1194 meis.

178 1212 324 1278 Inmorso
347 1212 493 1296 aequales
514 1212 645 1277 videant
664 1234 736 1278 mea
755 1213 887 1277 vulnera
907 1211 1006 1276 collo:

221 1296 275 1361 Me
297 1295 409 1361 doceat
430 1296 511 1361 livor
532 1318 657 1361 mecum
678 1295 826 1362 habuisse
848 1317 960 1360 meam.

181 1381 249 1444 Aut
270 1379 305 1444 in
327 1401 433 1445 amore
456 1380 563 1445 dolere
584 1381 657 1445 volo
680 1384 735 1445 aul
756 1379 865 1446 audire
887 1378 1065 1461 dolentem,

222 1462 295 1528 Sive
316 1485 403 1527 meas
424 1463 571 1584 laepimas
594 1465 660 1529 sive
680 1462 788 1585 videre
808 1466 891 1528 luas.

131 1643 164 1692 25
179 1628 279 1695 'lecta
300 1629 477 1712 superciliis
500 1630 528 1693 si
550 1593 675 1712 qudndo
697 1630 795 1693 verba
815 1630 966 1711 remittis,

222 1713 459 1777 Aetnaeum
482 1711 591 1796 digilis
614 1713 732 1794 scripta
754 1712 876 1776 silenda
896 1716 999 1776 nolas.

181 1795 243 1860 Odi
259 1816 328 1880 ego,
347 1817 419 1859 cum
433 1817 605 1878 numquam
620 1798 769 1879 pungunl
783 1795 918 1877 suspiria
933 1815 1080 1862 somnos:

223 1877 355 1962 Semper
376 1880 411 1942 in
432 1879 514 1942 irata
557 1879 671 1942 allidus
694 1899 762 1942 esse
784 1878 892 1942 velim.

181 1962 314 2027 Dulcior
334 1963 419 2060 ignis
442 1966 511 2027 erat
531 1901 653 2044 laridi,
676 1983 748 2026 cum
770 1961 867 2026 Graia
887 1983 1055 2045 perarma

131 2059 166 2109 80
224 2046 397 2130 Tyndarrdi
418 2049 545 2130 poterat
565 2047 683 2132 gaudia
703 2046 786 2110 ferre
808 2067 893 2128 suae.

181 2129 268 2195 Dum
283 2131 417 2194 vincunl
430 2129 549 2214 Danai,
572 2131 648 2194 dum
662 2132 763 2194 reslal
776 2127 928 2194 barbarus
943 2128 1081 2213 Hector,

223 2213 283 2278 Ille
305 2213 447 2279 Helenae
469 2215 503 2278 in
524 2215 646 2299 gremio
669 2215 808 2278 maxima
828 2213 914 2278 bella
934 2214 1026 2298 gerii.

181 2301 248 2363 Aut
268 2300 373 2362 lecum
396 2301 451 2362 aul
471 2320 529 2382 pro
552 2302 584 2362 le
604 2297 685 2362 mihi
707 2319 778 2362 cum
799 2296 951 2361 rivalibus
973 2317 1063 2360 arma

227 2380 359 2464 Semper
381 2385 488 2446 erunt:
510 2381 546 2444 in
566 2385 599 2445 le
620 2402 683 2465 pax
704 2381 784 2445 mihi
805 2381 895 2445 nulla
937 2380 1028 2444 lacet.

133 2477 167 2527 55
184 2464 309 2546 Gaude,
333 2466 417 2548 quod
438 2466 559 2529 nullast
579 2486 677 2548 aeque
698 2465 854 2529 formosa:
880 2402 1018 2547 doleres,

227 2547 325 2631 Siqua
345 2549 445 2614 foret:
466 2570 553 2613 nnnc
574 2549 618 2612 sis
640 2549 708 2613 iure
730 2548 865 2632 superba
885 2544 969 2611 licet.

184 2633 325 2709 1111151,
349 2634 403 2715 qui
425 2636 535 2697 nostro
557 2632 674 2696 nexisti
695 2632 776 2695 retia
796 2629 896 2713 leole,

227 2714 277 2778 Sil
298 2736 388 2779 socer
410 2720 574 2779 aeternum
595 2737 655 2779 nec
677 2716 745 2778 sine
767 2718 869 2778 maire
891 2713 1013 2776 domus.

187 2796 247 2863 Oui
269 2818 355 2860 nunc
377 2799 467 2881 siqua
489 2798 593 2862 daiasl
613 2796 766 2861 furandae
788 2795 880 2878 copia
900 2795 1021 2876 noctis,

135 2895 171 2944 40
228 2879 358 2944 Offensa
375 2880 431 2944 illa
452 2880 547 2962 mihi,
569 2903 637 2944 non
656 2880 718 2944 tibi
740 2875 854 2959 amica,
877 2875 972 2940 dedic.

477 3089 564 3162 Vll]
589 3085 731 3189 [Vlllll.

187 3215 373 3298 Maecenas,
398 3233 493 3298 eques
515 3212 651 3276 Etrusco
675 3211 714 3276 de
736 3212 890 3297 sanguine
911 3232 1040 3298 regum,

229 3300 319 3363 Intra
341 3300 504 3363 fortunam
526 3296 580 3380 qui
602 3296 691 3379 cupis
714 3318 783 3360 esse
804 3301 906 3381 luam,

189 3382 272 3459 Quid
288 3405 339 3447 me
354 3381 513 3448 scribendi
527 3384 594 3445 lam
608 3382 733 3444 vastum
747 3380 848 3444 millis
862 3381 898 3444 in
912 3377 1050 3464 aequor?

231 3466 308 3532 Non
330 3470 406 3532 sunt
427 3469 503 3550 apia
524 3485 612 3529 meac
633 3463 769 3548 grandia
789 3464 860 3528 vela
879 3462 949 3528 rati.

104 3824 120 3841 ι*ΙΙ
