2302 3922
75 249 78 253 >
135 210 177 274 50
432 205 624 268 chivill
644 204 777 266 cauit.
799 214 842 270 64.
904 301 908 307 .

216 378 284 445 llos
302 379 334 435 iu
357 375 509 435 distinctis
530 372 639 455 plexos
657 372 731 433 tulit
751 376 820 454 ipse
841 372 982 451 corollis,

219 461 285 537 Quo
306 457 461 538 permulsa
484 457 590 518 domus
611 457 743 516 iucundo
765 458 836 517 risit
857 455 962 518 odore.

146 555 197 609 285
219 543 390 604 Confestim
410 542 542 601 Peneios
564 540 667 618 adest,
687 538 850 601 viridantia
872 540 1008 620 Tempe,

220 627 354 705 Tempe,
378 643 455 703 quae
477 625 570 686 silvae
588 626 716 704 cingunt
736 643 830 705 super
847 622 1078 705 impendentes,

195 711 364 772 *Minosim
385 707 529 786 linquens
551 709 635 768 doris
657 707 842 768 celebranda
865 708 1003 785 charein,

195 794 286 867 ‚Non
305 812 434 853 vacuos:
456 810 587 872 namque
606 791 663 852 ille
682 791 757 852 tulit
776 790 923 851 radicitus
944 790 1021 852 altas

217 877 316 955 Pagos
338 897 373 936 ac
394 883 481 937 recto
502 895 648 957 proceras
669 877 775 955 stipite
794 875 913 954 laurus,

144 970 197 1026 290
216 961 285 1021 Nou
307 961 374 1020 sine
396 962 517 1020 nutanti
538 958 663 1041 platano
684 958 831 1037 lentaque
854 977 962 1020 sorore

217 1044 379 1105 Flammati
400 1045 603 1104 Phaethontia
626 1052 658 1103 et
680 1045 763 1103 aeria
784 1061 940 1124 cupressu.

218 1130 303 1189 llaec
326 1130 441 1189 circum
462 1127 553 1188 sedes
571 1127 636 1188 late
657 1134 800 1187 contexta
821 1127 950 1202 locavit,

218 1210 411 1274 Vestibulum
432 1219 467 1272 ut
487 1210 574 1272 molli
594 1211 726 1272 velatum
745 1211 857 1271 fronde
876 1212 1005 1273 vireret

216 1297 293 1356 Post
312 1298 393 1355 huno
415 1297 612 1379 consequitur
631 1295 752 1356 sollerti
772 1295 885 1355 corde
882 1294 1107 1386 Prometheus,

145 1391 196 1445 295
217 1381 389 1439 Extenuata
410 1397 521 1456 gerens
542 1381 656 1439 veteris
677 1381 806 1457 vestigia
826 1371 962 1458 poenae,

218 1465 313 1540 Quam
337 1461 488 1542 quondam
509 1463 589 1523 silici
609 1465 772 1522 restrictus
793 1463 929 1521 membra
949 1466 1072 1522 catena

217 1545 372 1607 Persolvit
391 1544 531 1626 pendens
553 1565 571 1604 e
591 1546 758 1605 verticibus
779 1546 966 1626 praeruptis.

217 1630 292 1690 lude
313 1636 403 1710 pater
425 1628 526 1688 divum
548 1635 652 1689 sancta
674 1649 741 1688 cum
763 1631 893 1707 coniuge
913 1629 1055 1707 natisque

217 1713 352 1773 Advenit
373 1711 475 1790 caelo,
495 1719 527 1771 te
548 1711 662 1790 solum,
684 1713 826 1789 Phoebe,
848 1711 1028 1791 relinquens

145 1807 197 1861 300
216 1797 449 1876 Unigeuamque
470 1796 560 1856 simul
582 1795 742 1856 cultricem
763 1798 916 1856 montibus
938 1793 1016 1855 ldri:

217 1879 313 1940 Pelea
331 1900 400 1939 nam
421 1887 522 1944 tecam
545 1881 664 1962 pariter
685 1900 774 1943 soror
796 1887 958 1959 aspernata
978 1885 1026 1940 est

217 1965 282 2024 Nec
305 1963 449 2024 Thetidis
469 1963 574 2024 taedas
593 1963 691 2024 voluit
713 1963 871 2024 celebrare
893 1960 1012 2042 iugalis.

218 2049 276 2125 Qui
296 2068 444 2128 posquam
465 2050 562 2108 niveis
584 2049 737 2108 flexerunt
759 2047 883 2108 sedibus
905 2054 1005 2124 artus,

216 2132 316 2210 Larga
338 2130 502 2212 multiplici
522 2139 717 2196 constructae
736 2139 808 2192 sunt
829 2131 907 2211 dape
926 2148 1067 2202 mensae,

144 2225 195 2279 305
218 2217 294 2281 eum
316 2218 436 2276 interea
456 2218 577 2276 infirmo
600 2219 772 2296 quatientes
794 2235 924 2296 corpora
944 2221 1029 2275 motu

217 2299 380 2360 Veridioos
401 2300 516 2361 Parcae
539 2309 708 2382 coeperunt
727 2301 822 2361 edere
844 2305 960 2359 cautus.

216 2384 273 2443 His
296 2403 406 2464 corpus
426 2383 590 2444 tremulum
613 2384 821 2465 complectens
842 2382 978 2460 undique
996 2381 1091 2442 vestis

219 2466 356 2527 Candida
374 2487 530 2555 purpurea
548 2468 626 2527 talos
646 2470 818 2528 incinxerat
840 2486 911 2542 ora,

217 2552 258 2610 At
278 2570 367 2610 roseo
389 2552 496 2610 niveae
516 2535 695 2611 r'estdebam
714 2552 832 2610 vertice
853 2551 964 2627 vittae,

24 2629 27 2644 ⁸
144 2641 197 2694 310
217 2634 448 2712 Aeternumque
467 2653 571 2694 manus
593 2636 760 2714 carpebant
781 2636 841 2694 rite
862 2633 1010 2693 laborem.

216 2716 315 2776 Laeva
336 2715 435 2776 colum
454 2716 541 2777 molli
559 2716 630 2777 lana
648 2717 804 2777 retinebat
825 2720 984 2819 amictum,

216 2799 351 2859 Dextera
369 2807 434 2859 tum
455 2800 568 2860 leviter
590 2800 746 2861 deducens
767 2801 819 2860 iila
842 2802 958 2880 supinis

216 2884 386 2942 Formabat
403 2877 522 2962 digitis,
545 2891 608 2945 tum
629 2905 727 2965 prono
749 2886 782 2944 in
802 2883 918 2965 pollice
938 2891 1088 2961 torquens

216 2967 374 3027 Libratum
393 2968 488 3027 tereti
508 2969 649 3029 versabat
668 2970 792 3029 turbiue
811 2970 928 3046 fusum,

135 3060 195 3113 315
216 3053 318 3130 Atque
339 3052 382 3111 ita
404 3050 575 3131 decerpens
594 3054 742 3132 aequabat
762 3060 884 3132 semper
906 3071 982 3131 opus
1004 3049 1097 3128 dens,

217 3135 381 3214 Laneaque
403 3134 529 3196 aridulis
548 3137 718 3197 haerebant
738 3157 838 3196 morsa
856 3135 998 3214 labellis,

219 3220 303 3295 Quae
320 3220 406 3299 prius
427 3220 460 3277 in
479 3216 541 3279 levi
563 3221 685 3279 fueraut
706 3223 840 3280 extantia
860 3219 930 3279 filo·

218 3304 299 3363 Ante
320 3301 416 3382 pedes
435 3314 536 3362 autem
558 3303 716 3364 candentis
732 3304 842 3368 mollia
862 3303 951 3365 lanae

216 3386 345 3448 Vellera
366 3388 475 3464 virgati
498 3387 691 3449 custodibant
709 3387 902 3451 calathisci.¹

145 3479 197 3534 330
217 3472 284 3531 Hae
304 3479 368 3530 tum
391 3469 541 3532 clarisona
561 3470 713 3532 vellentes
733 3471 849 3533 vellera
869 3489 944 3532 voce

281 3776 400 3885 Ἰ
