2302 3922
123 260 165 325 38
503 265 697 321 rnornnrn
917 298 920 303 -
1009 268 1082 338 [vn.

186 425 263 491 Non
282 426 370 489 iuvat
390 424 425 487 in
446 445 540 489 caeco
555 424 713 489 Venerem
735 447 934 509 corrumpere
956 431 1060 492 motu:

230 509 264 572 Si
285 508 402 590 nescis,
425 509 510 572 oculi
531 510 663 572 suntin
684 531 791 573 amore
814 510 918 574 duces,

186 590 259 675 Ipse
281 592 369 655 Paris
391 591 477 654 nuda
498 593 598 657 fertur
618 593 750 675 periisse
772 593 928 676 Lacaena,

230 674 311 739 Cum
332 675 498 739 Menelaeo
520 697 574 739 sur
597 679 664 740 eret
685 699 702 741 e
724 677 879 759 thalamo,

140 768 171 819 15
186 757 299 823 Nudus
321 762 354 822 et
375 757 559 841 Endymion
606 760 702 824 hoebi
724 761 844 843 cepisse
866 782 1007 825 sororem

230 840 355 905 Dicitur
377 845 409 905 et
428 843 532 907 nudae
554 844 760 908 concubuisse
783 844 867 908 deae.

188 924 280 1001 Quod
303 927 331 988 si
351 926 543 1009 pertendens
566 928 672 991 animo
694 928 809 992 vestita
831 926 970 1009 cubans,

231 1008 336 1074 Scissa
357 1014 443 1074 veste
465 1032 551 1074 meas
573 1012 732 1094 experiere
753 1033 880 1075 manus:

188 1092 274 1169 Quin
296 1094 407 1176 etiarn,
430 1094 457 1157 si
478 1115 529 1157 me
550 1093 682 1157 ulterius
703 1096 883 1178 provexerit
904 1095 964 1175 ira,

138 1189 173 1238 20
230 1177 386 1242 Ostendes
408 1177 502 1239 matri
523 1176 655 1241 brachia
676 1177 761 1241 laesa
781 1181 864 1242 tuae.

188 1260 333 1326 Necdum
347 1260 517 1324 inclinatae
531 1260 703 1343 prohibent
715 1265 747 1325 te
759 1261 868 1325 'ludere
883 1281 1054 1325 mammae:

231 1343 356 1407 Viderit
377 1342 470 1425 haec,
493 1344 616 1426 siquam
637 1345 702 1408 iam
723 1345 883 1429 peperisse
904 1344 1012 1428 pudet·

189 1425 274 1490 Dum
294 1446 354 1489 nos
375 1426 444 1488 fata
465 1426 587 1509 sinunt,
613 1430 722 1492 oculos
745 1430 894 1492 satiemus
916 1449 1038 1492 amore:

232 1508 306 1573 Nox
318 1508 387 1589 tibi
409 1509 508 1592 longa
528 1512 617 1573 venit
637 1531 696 1574 nec
717 1512 856 1575 reditura
878 1511 954 1575 dies.

141 1604 174 1654 25
188 1592 294 1674 Atque
315 1592 438 1655 utinam
460 1591 626 1657 haerentes
648 1594 694 1656 sic
715 1615 775 1656 nos
797 1594 915 1656 vincire
938 1598 1048 1657 catena

232 1675 355 1759 Velles,
377 1676 414 1738 ut
433 1678 608 1758 numquam
630 1676 766 1739 solveret
788 1676 852 1738 ulla
874 1675 955 1738 dies!

189 1758 345 1842 Exemplo
367 1759 494 1823 iunctae
516 1759 575 1822 tibi
598 1760 663 1823 sint
683 1759 718 1823 in
739 1778 846 1821 amore
859 1758 1047 1842 columbae,

231 1842 390 1905 Masculus
413 1845 446 1906 et
466 1845 569 1906 totum
591 1843 710 1906 femina
731 1842 924 1926 coniugium.

189 1927 298 2007 Errat,
321 1926 375 2008 qui
396 1926 492 1988 finem
513 1926 622 1989 vesani
643 1925 767 2009 quaerit
788 1926 920 1990 amoris:

141 2024 175 2073 30
230 2008 333 2073 Verus
355 2031 443 2073 amor
464 2009 588 2074 nullum
609 2010 700 2073 novit
720 2009 837 2073 habere
859 2009 997 2074 modum.

189 2093 287 2158 Terra
308 2093 395 2176 prius
416 2093 498 2157 falso
519 2096 612 2177 partu
633 2093 761 2158 deludet
780 2097 921 2177 arantes,

231 2177 275 2241 Et
297 2177 389 2241 citius
410 2177 445 2240 ni
486 2198 521 2241 os
536 2177 592 2242 Sol
613 2179 748 2263 agliabit
769 2199 881 2262 equos,

190 2261 398 2344 Fluminaque
420 2284 438 2325 a
482 2265 577 2346 caput
597 2263 752 2347 incipient
772 2282 920 2327 revocare
934 2261 1083 2345 liquores,

232 2344 349 2410 Aridus
372 2349 405 2409 et
426 2346 510 2410 sicco
532 2347 659 2430 gurgite
680 2348 776 2429 piscis
799 2346 873 2429 erit,

141 2443 175 2491 85
190 2428 291 2504 Quam
312 2429 433 2512 possim
453 2431 581 2492 nostros
603 2429 665 2491 alio
687 2431 857 2494 transferre
880 2429 1019 2493 dolores:

232 2512 335 2576 Huius
357 2532 410 2575 ero
431 2512 537 2593 vivus,
559 2515 702 2574 mortuus
724 2512 816 2575 huius
840 2534 903 2576 ero.

191 2595 282 2671 Quod
303 2595 383 2657 mihi
405 2594 432 2658 si
454 2616 561 2658 secum
582 2595 662 2658 tales
686 2595 856 2659 concedere
877 2597 987 2657 noctes

232 2679 292 2742 Illa
313 2677 407 2760 velit,
429 2678 511 2741 vitae
533 2678 650 2761 longus
673 2680 705 2740 et
726 2699 826 2740 annus
849 2678 923 2740 eritr

190 2762 225 2827 Si
247 2761 336 2824 dabit
356 2760 434 2823 haec
455 2762 585 2842 multas,
608 2760 683 2822 fiam
704 2760 881 2822 inmortalis
903 2760 938 2820 in
959 2758 1040 2822 illis:

140 2858 175 2907 40
230 2844 335 2909 Nocte
356 2864 420 2906 una
441 2844 542 2925 quivis
564 2843 615 2907 vel
637 2843 713 2905 deus
736 2863 804 2904 esse
824 2843 938 2923 potest.

191 2928 323 3004 Qualem
344 2927 371 3005 si
394 2927 500 2989 cuncti
523 2927 675 3009 cuperent
696 2924 858 2987 decurrere
878 2923 977 2986 vitam

231 3010 276 3076 Et
318 3009 397 3073 ressi
417 3009 518 3072 multo
540 3009 681 3072 membra
702 3008 804 3071 iacere
825 3027 927 3090 mero,

190 3095 267 3161 Non
287 3033 405 3157 linum
427 3093 551 3156 crudele
572 3113 674 3175 neque
696 3093 780 3155 esset
799 3091 913 3155 bellica
933 3091 1038 3176 navis,

231 3179 301 3245 Nec
321 3179 431 3240 nostra
452 3176 618 3241 Actiacum
640 3177 777 3240 verteret
797 3195 868 3239 ossa
888 3197 990 3256 mare,

140 3278 174 3326 45
189 3264 257 3329 Nec
279 3261 395 3325 totiens
416 3260 553 3343 propriis
576 3260 694 3323 circum
709 3262 893 3343 oppugnata
912 3259 1082 3342 triumphis

232 3347 329 3410 Lassa
350 3346 434 3409 foret
455 3344 558 3408 crines
581 3344 702 3408 solvere
723 3343 826 3407 Roma
847 3363 928 3407 suos.

190 3432 278 3495 Haec
301 3433 384 3493 certe
405 3428 519 3493 merito
542 3430 693 3511 poterunt
714 3427 842 3491 laudare
864 3427 1017 3492 minores:

105 3525 108 3531 '
232 3515 405 3579 Laeserunt
425 3513 532 3577 nullos
552 3512 667 3597 pocula
687 3515 797 3577 nostra
818 3509 903 3575 deos.
