2302 3922
108 251 150 314 56
343 264 349 276 ·
400 244 592 309 GATULLI
615 244 749 305 clun.
769 251 813 307 67

232 418 367 476 Devotae
387 416 457 474 flavi
473 414 598 474 verticis
620 413 760 490 eundae,

192 497 356 562 Uvidulnm
376 518 393 556 a
413 498 508 556 fluctu
530 496 693 556 cedentem
714 495 753 555 ad
771 496 887 575 templa
906 494 997 557 deum
1020 515 1068 557 me

234 581 357 642 Sidus
347 599 380 640 ιιι
401 581 533 680 antiquis
553 580 620 639 diva
640 598 751 640 norum
771 582 889 661 posuit.

141 676 174 729 65
195 667 331 744 Virginis
349 670 382 723 et
402 666 484 723 saevi
503 665 688 742 contingens
702 682 834 742 nomque
854 663 955 724 leonis

115 818 118 825 ¹
232 750 376 825 Lumina,
399 747 527 808 Callisto
548 749 631 808 iuxta
652 747 853 826 Lycaoniam,
934 779 941 788 ⁴

193 833 309 895 Vcrtor
326 833 360 892 in
382 851 537 908 occasum,
558 830 680 890 tardum
702 830 763 891 dux
783 839 854 890 ante
875 831 1010 909 Booten,

233 916 292 991 Qui
313 919 362 976 vix
382 934 452 976 sero
472 912 535 974 alto
557 916 707 993 mergitur
726 915 859 974 Oceano.

194 1000 257 1060 Sed
279 1018 450 1080 quanquam
469 1018 519 1058 me
533 1006 632 1059 nocte
652 1007 797 1078 premunt
809 999 946 1076 'vestigia
967 999 1085 1081 divum,

140 1092 175 1147 io
235 1084 301 1144 Lux
322 1092 423 1145 autem
444 1101 538 1143 canae
557 1081 672 1162 Tethyi
690 1084 844 1160 restituit,
877 1138 879 1143 .

195 1168 289 1244 (Pace
307 1176 360 1229 tua
380 1168 440 1228 fari
461 1169 512 1226 hic
532 1164 642 1243 liceat,
663 1166 848 1226 Rhamnusia
867 1167 973 1244 virgo,

234 1253 371 1330 Namque
393 1270 450 1330 ego
470 1268 533 1310 non
553 1248 710 1309 ullovera
729 1252 841 1310 timore
861 1256 977 1329 tegam,

194 1336 258 1396 Nec
280 1338 307 1396 si
328 1354 377 1395 me
397 1335 519 1394 infestis
540 1333 720 1413 discerpent
741 1333 844 1393 sidera
865 1332 972 1412 dictis,

237 1418 368 1480 Condita
390 1418 464 1496 quin
483 1420 570 1476 aerei
591 1418 727 1497 pectoris
749 1417 918 1496 evoluam)·

143 1509 175 1563 it>
197 1504 265 1563 Non
284 1504 332 1563 his
355 1508 417 1560 tam
436 1499 537 1560 laetor
557 1501 668 1577 rebus,
695 1520 783 1578 quarn
801 1520 851 1560 me
868 1502 954 1561 afore
975 1521 1103 1583 semper,

236 1586 332 1646 Afore
354 1603 403 1644 me
426 1605 443 1644 a
465 1582 606 1643 dominae
627 1585 744 1643 vertice
763 1583 948 1662 discrucior,

195 1671 321 1746 Quicum
334 1687 402 1747 ego,
416 1667 528 1728 dorm
499 1685 585 1745 virgo
600 1666 751 1745 quondam
762 1669 823 1727 fnit
834 1671 973 1729 omnibus
986 1689 1106 1750 expers,

236 1753 251 1785 *
273 1752 440 1831 Unguentis
459 1770 519 1810 nna
537 1748 635 1810 millia
653 1749 747 1811 multa
767 1753 840 1810 bibi.
942 1761 945 1766 ’

194 1838 281 1896 Nunc
301 1856 372 1913 vos,
394 1841 498 1916 optato
520 1853 594 1913 quas
614 1834 714 1893 iunxit
727 1833 848 1894 lumine
869 1837 975 1914 taeda,
1081 1897 1083 1901 ,

143 1926 178 1981 80
239 1921 308 1997 Non
328 1926 400 2001 post
416 1919 566 1979 unanimis
586 1937 716 1997 corpora
737 1920 915 1996 coningibus

196 2003 325 2065 Tradite
345 2002 496 2063 nudantes
517 2003 635 2061 reiecta
654 2010 740 2062 veste
759 2003 907 2082 papillas,

237 2090 332 2165 Quam
351 2085 483 2148 iucunda
503 2087 579 2145 mihi
600 2104 726 2146 munera
743 2084 821 2146 libet
842 2106 937 2166 onyr,

197 2172 310 2237 Vester
326 2191 421 2250 onyx,
446 2177 529 2230 casto
550 2171 657 2250 petitis
679 2189 757 2248 quae
777 2172 845 2235 iura
864 2173 966 2232 cubili.
988 2193 998 2243 J

237 2255 299 2316 Sed
318 2274 396 2334 quae
417 2272 451 2314 se
472 2256 592 2334 impuro
612 2253 699 2313 dedit
720 2254 888 2332 adulterio,

37 2390 39 2395 .
141 2351 176 2405 85
197 2338 283 2402 llli'us
305 2341 344 2399 ah
361 2337 444 2399 mala
462 2337 541 2397 dona
561 2337 638 2396 levis
658 2338 743 2397 bibat
762 2341 852 2399 irrita
873 2338 989 2418 pulvis:

236 2424 373 2502 Namque
395 2442 451 2500 ego
474 2422 512 2481 ab
533 2419 668 2498 indignis
688 2424 825 2500 praemia
845 2421 931 2483 nulla
951 2432 1041 2503 peto,

195 2506 257 2566 Sed
278 2508 388 2584 magis,
409 2526 426 2565 o
447 2511 578 2585 nuptae,
601 2522 723 2583 semper
745 2506 909 2566 concordia
929 2515 1047 2568 vostras

237 2590 366 2668 Semper
387 2608 471 2648 amor
492 2586 583 2648 sedes
603 2585 720 2647 incolat
741 2589 892 2649 assiduus,

195 2672 245 2732 Tu
262 2690 353 2748 sero,
374 2673 609 2750 regina,tnens
631 2674 699 2730 cum
720 2671 823 2732 sidera
845 2673 943 2733 divam

143 2764 177 2817 90
238 2754 378 2815 Placabis
398 2756 487 2815 iestis
507 2752 674 2814 luminibus
694 2754 868 2834 Venerem,

193 2838 344 2916 Unguinis
367 2844 524 2919 expertem
546 2857 608 2897 non
630 2839 701 2898 siris
725 2858 793 2900 esse
813 2848 894 2901 tuam
915 2859 981 2918 me,
1068 2848 1071 2861 ’

235 2921 297 2981 Sed
318 2924 420 3002 potins
439 2921 533 3000 largis
553 2921 642 2981 affice
663 2924 850 2984 muneribus

195 3004 304 3065 Sidera
322 3007 496 3066 corruerint
515 3006 648 3083 utinam,
669 3027 754 3066 coma
774 3009 860 3086 regia
879 3010 965 3085 fiam,

225 3089 393 3150 Proximus
415 3089 595 3168 Hydrochoi
616 3089 751 3168 fulgeret
773 3090 902 3152 Oarion!

501 3210 707 3222 —U—-u—

536 3288 676 3364 LXVII.

194 3378 223 3474 ll
247 3412 329 3474 dulci
349 3415 479 3476 iucunda
498 3397 581 3498 viro,
601 3419 733 3480 iucunda
753 3421 892 3499 parenti,

235 3497 340 3577 Salve,
361 3505 456 3579 teque
477 3503 557 3562 bona
576 3504 716 3584 luppiter
736 3511 840 3563 auctet
861 3520 936 3582 ope,
