2302 3922
54 192 115 263 vr]
462 190 569 245 orara
589 190 612 247 1.
977 184 1018 249 13

53 350 250 435 Nescioquid
271 351 407 415 furtivus
429 372 518 415 amor
538 356 638 435 parat.
675 354 764 415 utere
786 371 919 435 quaeso,
984 362 1017 411 uo

18 464 24 481 ι
97 434 184 500 Dum
204 435 294 500 licet:
315 436 351 499 iu
371 435 491 518 liquida
512 440 568 498 net
589 435 649 499 tibi
671 436 767 500 linter
788 456 879 518 aqua.

506 665 567 741 VI.

55 788 203 873 Semper,
225 792 261 853 ut
282 788 423 870 inducar,
447 788 582 852 blandos
605 789 699 853 offers
720 788 800 852 mihi
819 789 940 871 voltus,

96 873 177 937 Post
196 876 304 936 tamen
326 893 359 935 es
380 874 496 936 misero
517 873 619 935 tristis
642 876 674 936 et
695 893 802 955 asper,
824 873 934 935 Amor.

54 956 140 1033 Quid
160 956 220 1019 tibi
243 955 392 1020 saevitiae
414 956 591 1020 mecumst‘?
614 978 656 1019 an
677 956 781 1039 gloria
801 958 951 1039 magnast

97 1039 235 1103 Insidias
257 1038 381 1104 homini
403 1040 608 1122 conposuisse
630 1039 745 1102 deum?

54 1123 125 1188 Iam
145 1122 225 1187 mihi
245 1122 419 1186 tenduntur
441 1144 559 1187 casses:
585 1125 650 1187 iam
671 1122 764 1186 Delia
784 1122 894 1186 furtim
1000 1131 1017 1181 6

98 1206 313 1290 Nescioquam
334 1206 433 1269 tacita
455 1206 570 1270 callida
590 1210 684 1271 nocte
705 1206 801 1270 fovet.

54 1290 117 1355 Ille
137 1290 265 1374 quidem
285 1291 389 1353 iurata
410 1294 521 1374 negat,
544 1290 599 1354 sed
622 1290 748 1354 credere
771 1290 931 1354 durumst:

98 1373 152 1440 Sic
173 1374 271 1437 etium
292 1374 330 1437 de
352 1396 404 1437 me
425 1377 579 1458 pernegat
599 1396 698 1457 usque
719 1374 798 1437 viro.

54 1457 129 1543 Ipse
150 1457 248 1521 miser
270 1457 377 1539 docui,
401 1478 462 1540 quo
485 1462 594 1541 posset
614 1458 722 1522 ludere
743 1460 837 1540 pacto

97 1540 271 1620 Custodes:
292 1540 355 1604 heu
376 1540 440 1604 heu
460 1563 546 1606 nunc
567 1562 695 1625 premor
716 1544 782 1605 arte
804 1562 883 1604 mea.
986 1552 1019 1600 10

54 1624 193 1710 Fingere
213 1629 291 1689 tuno
313 1624 425 1688 didicit
446 1645 571 1707 causas,
593 1628 629 1689 ut
651 1626 719 1689 sola
741 1626 883 1707 cubaret,

98 1708 235 1775 Cardine
256 1712 334 1771 tunc
355 1709 453 1772 tacito
475 1713 597 1773 vertere
618 1730 712 1793 posse
733 1709 833 1773 fores:

55 1792 146 1857 'Iunc
167 1812 260 1857 sucos
280 1792 457 1875 herbasque
479 1793 565 1876 dedi,
588 1794 659 1876 quis
680 1794 762 1858 livor
784 1791 900 1873 abiret,

99 1875 200 1953 Quem
220 1876 300 1940 facit
321 1876 464 1960 inpresso
487 1880 597 1940 mutua
619 1877 713 1941 dente
734 1875 854 1940 Venus.

55 1961 102 2024 At
122 1962 173 2043 tu,
194 1959 317 2024 fallacis
340 1961 480 2024 coniunx
500 1961 625 2024 incaute
647 1961 789 2044 puellae,
986 1968 1019 2019 15

98 2042 152 2107 Me
173 2064 298 2126 quoque
321 2048 461 2127 servato,
484 2047 594 2127 peccet
614 2047 652 2107 ut
672 2044 727 2107 illa
748 2043 839 2107 nihil.

54 2126 129 2193 Neu
149 2127 280 2191 iuvenes
302 2127 439 2191 celebret
460 2128 560 2191 multo
583 2148 741 2208 sermone,
766 2130 891 2207 caveto,

96 2209 187 2276 Neve
209 2209 304 2274 cubet
324 2211 395 2273 laxo
418 2216 529 2293 pectus
551 2214 660 2294 aperta
682 2211 768 2292 sinu,

54 2293 128 2359 Neu
149 2298 181 2358 te
203 2293 342 2377 decipiat
362 2298 456 2376 nutu,
479 2295 641 2379 digitoque
663 2295 820 2377 liquorem

96 2376 150 2445 Ne
168 2377 276 2442 trahat
298 2382 331 2441 et
352 2399 480 2442 mensae
502 2379 598 2442 ducat
618 2380 653 2442 in
676 2378 751 2442 orbe
772 2380 876 2441 notas.
984 2389 1019 2437 20

56 2461 116 2527 Sac
139 2483 172 2546 e,
194 2462 281 2527 velut
301 2483 443 2546 gemmas
467 2464 532 2526 eius
555 2464 722 2546 signumve
744 2460 929 2544 probarem,
984 2471 1018 2520 aa

125 2567 159 2610 er
181 2566 309 2610 eausam
329 2546 462 2609 memini
482 2569 533 2610 me
554 2548 699 2630 tetigisse
720 2566 866 2608 manum:

55 2628 115 2693 See
138 2650 265 2694 emero
288 2651 435 2694 somnum
456 2631 565 2714 peperi
586 2630 660 2713 tibi,
684 2630 806 2712 etipse
828 2627 977 2692 bibebam

122 2712 212 2777 ebria
233 2715 399 2796 supposita
419 2715 534 2797 pocula
555 2715 656 2778 victor
678 2735 768 2797 equa.

54 2795 132 2861 Non
153 2818 213 2881 ego
235 2800 269 2860 te
290 2798 369 2861 laesi
390 2797 544 2880 prudens:
566 2799 578 2861 i
626 2819 698 2862 osoe
720 2797 844 2860 fatenti.

97 2878 196 2945 Imsit
216 2882 331 2944 Amor:
355 2884 466 2944 contra
488 2882 558 2964 quis
593 2884 662 2945 erat
683 2903 771 2944 arma
793 2881 893 2943 deos?
985 2891 1020 2941 30

54 2962 115 3027 Ille
136 2984 197 3049 ego
220 2986 304 3047 sum,
326 2986 386 3028 nec
407 2986 458 3028 me
480 2966 544 3028 iem
566 2965 669 3029 dicere
691 2987 766 3029 vera
786 2963 935 3048 pudebit,

97 3046 246 3112 Instabat
266 3051 336 3111 tota
357 3049 408 3112 oui
429 3052 485 3112 tua
506 3052 600 3113 nocte
622 3049 720 3114 canis.

54 3128 167 3195 Exibit
188 3153 284 3215 quam
305 3153 413 3216 saepe,
435 3133 527 3215 time,
550 3154 606 3197 seu
627 3133 729 3197 visere
751 3133 836 3195 dicet
986 3141 1020 3191 21

98 3212 196 3280 Sacra
216 3216 320 3280 bonae
342 3217 482 3281 muribus
504 3238 571 3281 non
593 3216 737 3280 adeunda
759 3216 835 3278 deae
841 3264 851 3297 ,

403 3334 420 3373 ss
648 3335 666 3371 dt

525 3382 543 3419 e

54 3451 102 3517 At
122 3451 202 3517 mihi
224 3454 252 3517 si
275 3453 383 3537 cedas,
406 3453 495 3517 illam
517 3472 629 3535 sequar
650 3470 733 3536 unus
755 3451 795 3516 ad
816 3472 902 3516 aras:
