2302 3922
147 239 191 304 20
559 243 703 299 rrevrn
1011 245 1115 317 [nm
1138 201 1142 207 ¹

162 421 196 468 ao
251 406 467 490 Asperaquest
490 405 537 468 illi
560 405 761 489 difficilisque
782 405 902 471 Venus.

211 489 275 554 Vre
297 511 402 553 meum
424 489 531 572 potius
552 488 679 553 flamma
701 494 795 573 caput
817 494 850 554 et
869 492 942 574 pete
964 490 1054 557 ferro

253 573 377 656 Corpus
400 578 432 636 et
451 574 572 637 intorto
595 574 724 637 verbere
746 577 838 658 terga
860 595 940 638 seca.

211 657 280 722 Nec
302 658 361 720 tibi
383 657 506 721 celandi
529 678 602 740 spes
624 658 666 721 sit
687 678 819 741 peccare
839 658 984 742 paranti:

252 741 312 804 Est
333 741 424 823 derra,
447 741 590 805 occultos
612 743 666 824 qui
688 744 775 804 vetat
797 762 865 805 esse
887 742 989 806 dolos.

161 838 194 887 25
209 825 283 909 Ipse
306 826 382 889 deus
404 826 502 888 tacito
524 825 671 908 permisit
691 825 801 973 liuppa
822 826 969 889 ministro

254 909 373 973 Ederet
393 913 429 972 ut
449 909 550 973 multo
573 909 673 973 libera
694 931 749 973 ver
772 931 792 972 a
812 930 915 973 mero:

212 993 286 1077 Ipse
308 994 385 1058 deus
408 1013 519 1056 somno
542 994 679 1058 domitos
702 994 846 1058 emittere
867 1014 978 1057 vocem

253 1077 351 1142 Iussit
372 1081 404 1141 et
424 1078 541 1141 inritos
564 1078 650 1141 facta
670 1077 807 1161 tegenda
828 1077 935 1160 loqui!

209 1163 297 1226 Haec
319 1184 379 1247 ego
402 1161 559 1226 dicebam:
581 1183 667 1226 nunc
688 1183 740 1225 me
761 1162 886 1225 flevisse
908 1162 1109 1247 loquentem,

160 1260 195 1309 ao
251 1247 346 1310 Nunc
389 1245 466 1309 udet
487 1246 527 1308 ad
548 1249 675 1310 teneros
696 1245 902 1330 procubuisse
923 1245 1032 1329 pedes.

210 1331 301 1393 Tunc
323 1268 402 1393 mibi
424 1331 551 1393 iurabas
572 1331 691 1394 nullius
713 1330 819 1393 divitis
841 1329 910 1392 auri

252 1413 413 1495 Pondere,
436 1433 503 1475 non
525 1416 674 1497 gemmis,
696 1414 832 1477 vendere
853 1413 934 1477 velle
956 1413 1068 1495 fidem,

209 1497 286 1562 Non
306 1497 366 1559 tibi
389 1498 416 1559 si
438 1497 575 1579 pretium
598 1495 773 1579 Campania
794 1501 879 1560 terra
900 1497 1043 1580 daretur,

251 1580 328 1643 Non
348 1580 408 1642 tibi
431 1581 458 1642 si
480 1579 599 1644 Bacchi
621 1602 697 1643 cura
718 1580 870 1644 Falernus
896 1602 981 1666 ager.

161 1677 194 1726 35
210 1663 280 1726 Illis
303 1664 440 1746 eriperes
462 1664 567 1727 verbis
588 1664 668 1728 mihi
690 1664 795 1728 sidera
816 1665 895 1728 caeli

251 1747 370 1810 Lucere
392 1751 425 1811 et
446 1769 541 1830 puras
563 1748 708 1813 fuhninis
732 1770 799 1813 csse
821 1751 899 1812 vias.

211 1832 296 1908 Quin
319 1833 414 1895 etiam
435 1832 549 1896 flebas:
572 1835 606 1896 at
626 1854 692 1896 non
715 1854 774 1918 ego
796 1833 907 1897 fallere
930 1833 1041 1898 doctus

252 1917 314 1980 Ter
338 1917 428 1980 ebam
449 1919 594 1981 umentes
617 1917 761 1982 credulus
782 1938 880 2000 usque
902 1939 1012 2002 genas.

210 2001 292 2077 Quid
313 1938 443 2083 daciam,
465 2002 529 2065 nisi
551 2005 583 2066 et
604 2002 673 2085 ipse
687 2002 772 2066 fores
788 2002 824 2064 in
839 2022 945 2065 amore
959 2000 1107 2084 puellae?

158 2098 193 2148 40
250 2084 312 2150 Sed
333 2106 445 2168 precor
467 2087 612 2170 exemplo
635 2088 677 2150 sit
697 2087 775 2150 levis
797 2087 854 2149 illa
874 2088 940 2149 tuo.

210 2170 236 2234 0
260 2170 423 2252 quotiens,
446 2171 549 2234 verbis
572 2193 612 2235 ne
635 2173 802 2255 quisquam
824 2169 970 2234 conscius
992 2173 1087 2251 esset,

250 2253 323 2338 Ipse
347 2275 452 2319 comes
474 2257 576 2320 multa
597 2257 719 2321 lumina
740 2258 834 2319 nocte
855 2254 930 2317 tuli!

209 2339 309 2423 Saepe
331 2339 507 2423 insperanti
529 2342 617 2405 venit
638 2340 699 2403 tibi
719 2360 848 2402 munere
869 2340 980 2400 nostro

250 2424 294 2487 Et
315 2424 410 2487 latuit
431 2426 553 2488 clausas
575 2428 649 2508 post
671 2422 821 2505 adoperta
842 2420 935 2482 fores,

157 2519 192 2569 45
207 2508 252 2590 A,
276 2508 372 2571 miser
392 2508 515 2589 interii,
538 2508 634 2571 stulte
656 2502 929 2569 confisus‘amari:

250 2591 335 2655 Nam
356 2594 500 2673 poteram
522 2590 562 2653 ad
584 2592 714 2673 laqueos
736 2586 857 2650 cautior
879 2604 948 2647 esse
969 2586 1053 2650 tuos.

209 2673 411 2749 Quinetiam
433 2673 698 2737 attonitalaudes
723 2671 783 2734 tibi
809 2671 916 2732 mente
939 2670 1107 2754 canebam,

250 2758 294 2820 Et
314 2779 365 2819 me
388 2779 474 2820 nunc
495 2757 598 2819 nostri
619 2754 840 2836 Pieridumque
862 2752 970 2836 pudet.

208 2841 270 2905 Itla
291 2840 387 2903 velim
408 2840 519 2923 rapida
540 2838 700 2904 Volcanus
722 2838 863 2902 carmina
884 2837 1013 2901 flamma

157 2937 192 2988 60
249 2924 381 2988 Torreat
403 2927 435 2987 et
456 2923 576 3006 liquida
597 2923 701 2987 deleat
722 2923 824 2986 amnis
847 2942 937 3006 aqua.

208 3008 257 3073 Tu
278 3008 390 3093 procul
412 3007 487 3071 hinc
510 3007 609 3090 absis,
632 3008 683 3071 cui
700 3007 836 3071 formam
851 3007 987 3072 vendere
1002 3008 1108 3071 curast

251 3092 296 3156 Et
316 3093 453 3177 pretium
474 3092 569 3175 plena
591 3092 712 3176 grande
733 3092 850 3156 referre
872 3113 978 3155 manu.

207 3180 253 3242 At
274 3182 322 3261 te,
346 3178 400 3260 qui
411 3197 554 3325 1puerum
576 3176 668 3240 donis
691 3197 891 3260 corrumpere
914 3196 947 3239 cs
969 3194 1080 3258 ausus,

251 3263 369 3327 Rideat
390 3284 410 3326 a
432 3261 530 3325 siduis
552 3281 632 3324 uxor
654 3260 755 3324 inulta
776 3261 872 3343 dolis,

158 3357 193 3409 ⁶5
207 3347 252 3412 m
273 3368 345 3412 oum
366 3346 485 3411 furtivo
507 3346 653 3408 iuvenem
674 3345 839 3409 lassaverit
860 3366 933 3427 usu,

251 3431 370 3496 Tecum
392 3431 580 3514 interposita
600 3429 754 3514 languida
773 3432 862 3494 veste
883 3429 986 3493 cubet.

210 3514 341 3599 Semper
363 3517 428 3580 sint
450 3518 579 3579 externa
600 3518 656 3578 tuo
679 3514 815 3599 vestigia
836 3514 935 3595 lecto,

351 3729 423 3776 ..aa

425 3799 467 3910 'a
