2302 3922
106 212 148 277 98
491 214 683 270 euoenauu
1022 213 1072 286 [u

171 381 217 444 At
237 379 307 462 tibi,
329 377 491 460 Mamurri,
513 376 634 441 formae
657 375 793 442 caelator
815 374 951 459 ahenea,

213 464 321 527 Tellus
344 461 480 526 artifices
501 483 543 525 ne
564 464 648 525 terat
669 461 752 527 Osca
774 482 902 543 manua,

172 548 234 623 Qui
256 567 306 611 me
328 548 395 609 tam
417 545 535 610 doeiles
555 546 691 629 potuisti
711 545 843 610 fundere
864 545 899 608 in
919 564 1006 608 usus,

214 630 322 695 Vnum
344 651 422 714 opus
449 633 512 713 est,
542 631 630 713 operi
651 651 718 695 non
740 630 831 694 datur
852 650 933 693 unus
955 627 1072 694 honos.

515 761 666 770 -———-

555 844 619 919 ΙΠ.

173 968 261 1032 Haee
283 967 442 1033 Arethusa
464 988 520 1031 suo
543 967 643 1031 mittit
664 966 814 1031 mandata
827 967 981 1051 Lycotae,

217 1050 298 1117 cum
319 1052 439 1116 totiens
461 1051 561 1134 absis,
585 1052 613 1116 si
634 1055 726 1135 potes
749 1072 816 1115 esse
839 1073 937 1116 meus.

175 1134 272 1284 Sieffa
293 1140 402 1200 tamen
424 1135 483 1200 tibi
504 1137 625 1200 lecturo
647 1158 721 1220 pars
744 1136 845 1200 oblita
866 1135 963 1218 derit,

250 1242 305 1286 aee
327 1221 388 1285 erit
415 1241 431 1284 e
451 1220 590 1285 lacrimis
612 1221 697 1284 faeta
717 1220 814 1284 litura
833 1220 929 1284 meis:

146 1305 245 1369 uAut
266 1305 357 1389 siqua
377 1305 499 1369 incerto
521 1305 612 1370 fallet
632 1309 663 1369 te
685 1305 793 1369 littera
813 1306 934 1386 tractu,

218 1387 318 1473 Signa
339 1411 427 1454 meae
450 1388 578 1454 dextrae
600 1390 663 1453 iam
685 1388 849 1452 morientis
871 1390 973 1452 erunt.

175 1472 221 1536 Te
242 1474 338 1536 modo
359 1471 508 1537 uiderunt
530 1473 696 1552 †iterat0s
725 1472 841 1536 Baetra
862 1493 919 1556 per
941 1474 1042 1555 ortus,

217 1555 262 1619 Te
283 1555 378 1619 modo
401 1556 523 1619 munito
545 1554 701 1621 Neuriaus
723 1554 825 1620 hostis
849 1577 945 1641 equ0‚

175 1638 372 1722 Hibernique
396 1637 509 1721 Getae,
531 1639 617 1723 picto
641 1660 680 1703 ue
702 1639 870 1703 Britannia
892 1660 996 1723 amru,

127 1737 160 1786 10
217 1723 316 1787 Vstus
339 1725 372 1785 et
392 1722 461 1786 Eoo
485 1661 732 1787 deeolorqlndus
757 1744 847 1806 equo.

175 1806 304 1872 Haecne
326 1806 440 1872 marita
460 1806 538 1870 fides
561 1810 593 1870 et
614 1808 725 1890 pactae
747 1806 863 1891 gaudia
883 1809 1000 1891 noetis,

219 1890 299 1957 Cum
320 1890 408 1955 rudis
429 1891 557 1975 urgenti
570 1890 700 1956 brachia
720 1892 805 1954 vieta
827 1890 920 1955 dedi?

178 1976 265 2052 Quae
286 1975 366 2040 mihi
388 1975 540 2041 deductae
562 1976 615 2039 fax
637 1997 732 2040 omen
753 1976 912 2059 praetulit,
934 1977 991 2040 illa

220 2060 332 2124 Traxit
353 2060 392 2124 ab
415 2081 524 2125 everso
547 2060 668 2124 lumina
688 2061 782 2145 nigra
803 2081 901 2145 roga,

129 2158 160 2206 15
176 2145 220 2208 Jlt
242 2143 354 2230 Stygio
377 2166 447 2208 sum
468 2166 578 2229 sparsa
598 2146 683 2227 lacu,
706 2167 765 2208 nee
787 2148 874 2209 reeta
896 2144 1020 2228 capillis

220 2229 313 2294 Vitta
335 2228 454 2294 datast:
476 2229 571 2326 nupsi
591 2251 658 2293 non
680 2230 851 2293 eomitante
873 2228 943 2294 deo.

179 2312 334 2379 Omnibus
356 2312 418 2378 heu
440 2317 541 2397 portls
563 2314 704 2397 pendent
724 2334 795 2377 mea
816 2313 914 2377 noxia
933 2315 1021 2377 vota:

220 2396 352 2461 Texitur
372 2396 450 2463 haee
473 2398 584 2462 eastris
606 2400 718 2480 quarta
738 2397 865 2462 lacerna
885 2396 959 2461 tuis.

180 2481 325 2564 Occidet,
348 2481 496 2546 inmerite
517 2482 571 2629 (ἰαί
593 2482 710 2566 carpsit
732 2482 771 2546 ab
794 2482 905 2545 arbore
927 2481 1047 2545 vallum

129 2579 164 2628 20
219 2565 266 2630 Et
287 2566 402 2630 struxit
423 2587 521 2651 queru
535 2588 568 2630 as
590 2588 685 2631 rauca
706 2587 763 2650 per
785 2587 858 2630 ossa
878 2564 980 2647 tubas²

178 2648 318 2731 Dignior
339 2650 467 2733 obliquo
490 2651 599 2715 funem
621 2651 676 2734 qui
696 2652 845 2732 torqueat
866 2648 970 2730 Oen0,

221 2733 442 2816 Aeternusque
464 2737 552 2798 tuam
573 2736 699 2818 paseat,
723 2733 833 2814 aselle,
856 2731 982 2795 famem.

179 2816 241 2880 Die
262 2814 357 2898 mihi,
380 2838 457 2879 num
478 2820 605 2882 teneros
627 2817 691 2881 urit
712 2815 811 2878 lorica
832 2814 990 2877 lacertos?

222 2898 309 2964 Num
329 2900 435 2983 gravis
458 2900 591 2965 inbelles
614 2899 722 2964 atterit
742 2896 834 2959 hasta
854 2898 990 2960 manus?

130 2997 164 3048 25
179 2983 267 3049 Haee
289 2986 427 3047 noceant
448 2983 571 3067 potius,
600 3004 693 3067 quam
715 2980 863 3044 dentibus
885 2980 951 3044 ulla
972 2984 1079 3066 puella

223 3067 287 3134 Det
306 3067 386 3132 mihi
408 3067 578 3153 plorandas
600 3069 732 3151 pertua
754 3065 836 3129 eolla
856 3067 957 3130 notas.

180 3153 304 3218 Diceris
327 3155 360 3217 et
379 3151 480 3217 macie
500 3151 621 3215 voltum
642 3153 804 3215 tenuasse:
827 3150 883 3215 sed
906 3154 993 3235 opta,

223 3237 251 3302 E
275 3237 429 3303 desiderio
452 3235 494 3301 sit
515 3235 601 3300 color
615 3235 676 3299 iste
698 3255 779 3300 meo.

181 3323 227 3385 At
248 3321 326 3386 mihi
349 3344 421 3387 eum
442 3323 552 3385 noctes
574 3319 700 3385 induxit
721 3341 832 3404 vesper
854 3341 993 3398 emersa,

132 3419 166 3468 80
223 3404 320 3490 Siqua
340 3407 452 3471 relicta
472 3406 592 3489 iacent,
616 3405 742 3469 osculor
764 3426 851 3468 arma
871 3408 935 3467 tua.

182 3489 263 3554 Tum
286 3511 401 3573 queror
422 3492 456 3555 in
478 3493 547 3556 toto
568 3511 635 3555 non
657 3489 758 3555 sidere
780 3488 877 3573 pallia
897 3488 992 3571 leet0,
