<?xml version="1.0" encoding="UTF-8"?>
<!DOCTYPE html PUBLIC "-//W3C//DTD XHTML 1.0 Transitional//EN"
    "http://www.w3.org/TR/xhtml1/DTD/xhtml1-transitional.dtd">
<html xmlns="http://www.w3.org/1999/xhtml" xml:lang="en" lang="en">
 <head>
  <title>
</title>
<meta http-equiv="Content-Type" content="text/html;charset=utf-8" />
  <meta name='ocr-system' content='tesseract 3.04.00' />
  <meta name='ocr-capabilities' content='ocr_page ocr_carea ocr_par ocr_line ocrx_word'/>
</head>
<body>
  <div class='ocr_page' id='page_1' title='image "./qvaleriicatulli00catugoog_0252.png"; bbox 0 0 2302 3922; ppageno 0'>
   <div class='ocr_carea' id='block_1_1' title="bbox 93 187 670 258">
    <p class='ocr_par' dir='ltr' id='par_1_1' title="bbox 93 187 670 258">
     <span class='ocr_line' id='line_1_1' title="bbox 93 187 670 258; baseline 0.01 -17"><span class='ocrx_word' id='word_1_1' title='bbox 93 187 192 258; x_wconf 66' lang='lat' dir='ltr'>xima</span> <span class='ocrx_word' id='word_1_2' title='bbox 479 191 586 246; x_wconf 74' lang='lat' dir='ltr'>amsa</span> <span class='ocrx_word' id='word_1_3' title='bbox 606 191 670 248; x_wconf 83' lang='lat' dir='ltr'>nn..</span> 
     </span>
    </p>
   </div>
   <div class='ocr_carea' id='block_1_2' title="bbox 92 348 1055 1521">
    <p class='ocr_par' dir='ltr' id='par_1_2' title="bbox 92 348 1055 1521">
     <span class='ocr_line' id='line_1_2' title="bbox 93 348 912 436; baseline 0.005 -23"><span class='ocrx_word' id='word_1_4' title='bbox 93 348 160 414; x_wconf 85' lang='lat' dir='ltr'>Lex</span> <span class='ocrx_word' id='word_1_5' title='bbox 181 352 192 414; x_wconf 94' lang='lat' dir='ltr'>i</span> <span class='ocrx_word' id='word_1_6' title='bbox 216 352 280 415; x_wconf 90' lang='lat' dir='ltr'>itur</span> <span class='ocrx_word' id='word_1_7' title='bbox 302 352 458 436; x_wconf 79' lang='lat' dir='ltr'>Spartana</span> <span class='ocrx_word' id='word_1_8' title='bbox 479 354 566 417; x_wconf 88' lang='lat' dir='ltr'>vetat</span> <span class='ocrx_word' id='word_1_9' title='bbox 587 352 732 416; x_wconf 89' lang='lat' dir='ltr'>secedere</span> <span class='ocrx_word' id='word_1_10' title='bbox 754 356 912 436; x_wconf 87' lang='lat' dir='ltr'>amantes,</span> 
     </span>
     <span class='ocr_line' id='line_1_3' title="bbox 135 434 825 519; baseline 0.003 -21"><span class='ocrx_word' id='word_1_11' title='bbox 135 434 180 499; x_wconf 83' lang='lat' dir='ltr'>Et</span> <span class='ocrx_word' id='word_1_12' title='bbox 216 436 276 499; x_wconf 83' lang='lat' dir='ltr'>‘cet</span> <span class='ocrx_word' id='word_1_13' title='bbox 297 437 331 500; x_wconf 92' lang='lat' dir='ltr'>in</span> <span class='ocrx_word' id='word_1_14' title='bbox 352 437 455 500; x_wconf 89' lang='lat' dir='ltr'>triviis</span> <span class='ocrx_word' id='word_1_15' title='bbox 478 436 517 500; x_wconf 92' lang='lat' dir='ltr'>ad</span> <span class='ocrx_word' id='word_1_16' title='bbox 539 437 621 500; x_wconf 83' lang='lat' dir='ltr'>latus</span> <span class='ocrx_word' id='word_1_17' title='bbox 644 457 712 500; x_wconf 88' lang='lat' dir='ltr'>esse</span> <span class='ocrx_word' id='word_1_18' title='bbox 734 457 825 519; x_wconf 87' lang='lat' dir='ltr'>suae,</span> 
     </span>
     <span class='ocr_line' id='line_1_4' title="bbox 93 516 889 603; baseline 0 -20"><span class='ocrx_word' id='word_1_19' title='bbox 93 516 163 583; x_wconf 89' lang='lat' dir='ltr'>Nec</span> <span class='ocrx_word' id='word_1_20' title='bbox 184 519 281 583; x_wconf 90' lang='lat' dir='ltr'>timor</span> <span class='ocrx_word' id='word_1_21' title='bbox 302 522 358 583; x_wconf 90' lang='lat' dir='ltr'>aut</span> <span class='ocrx_word' id='word_1_22' title='bbox 377 520 475 584; x_wconf 87' lang='lat' dir='ltr'>ullast</span> <span class='ocrx_word' id='word_1_23' title='bbox 497 521 620 584; x_wconf 89' lang='lat' dir='ltr'>clausae</span> <span class='ocrx_word' id='word_1_24' title='bbox 641 520 744 583; x_wconf 83' lang='lat' dir='ltr'>tutela</span> <span class='ocrx_word' id='word_1_25' title='bbox 765 520 889 603; x_wconf 85' lang='lat' dir='ltr'>puellae</span> 
     </span>
     <span class='ocr_line' id='line_1_5' title="bbox 134 601 851 686; baseline 0.001 -21"><span class='ocrx_word' id='word_1_26' title='bbox 134 601 204 666; x_wconf 91' lang='lat' dir='ltr'>Nec</span> <span class='ocrx_word' id='word_1_27' title='bbox 225 603 332 686; x_wconf 78' lang='lat' dir='ltr'>gravis</span> <span class='ocrx_word' id='word_1_28' title='bbox 358 603 474 667; x_wconf 85' lang='lat' dir='ltr'>austeri</span> <span class='ocrx_word' id='word_1_29' title='bbox 495 625 600 686; x_wconf 89' lang='lat' dir='ltr'>poena</span> <span class='ocrx_word' id='word_1_30' title='bbox 621 603 761 667; x_wconf 86' lang='lat' dir='ltr'>cavenda</span> <span class='ocrx_word' id='word_1_31' title='bbox 784 603 851 666; x_wconf 85' lang='lat' dir='ltr'>viri.</span> 
     </span>
     <span class='ocr_line' id='line_1_6' title="bbox 92 684 1055 770; baseline -0.002 -22"><span class='ocrx_word' id='word_1_32' title='bbox 92 684 192 749; x_wconf 89' lang='lat' dir='ltr'>Nullo</span> <span class='ocrx_word' id='word_1_33' title='bbox 214 686 388 770; x_wconf 89' lang='lat' dir='ltr'>praemisso</span> <span class='ocrx_word' id='word_1_34' title='bbox 412 687 450 751; x_wconf 95' lang='lat' dir='ltr'>de</span> <span class='ocrx_word' id='word_1_35' title='bbox 472 687 566 751; x_wconf 89' lang='lat' dir='ltr'>rebus</span> <span class='ocrx_word' id='word_1_36' title='bbox 589 688 657 750; x_wconf 86' lang='lat' dir='ltr'>tute</span> <span class='ocrx_word' id='word_1_37' title='bbox 679 686 818 768; x_wconf 85' lang='lat' dir='ltr'>loquaris</span> <span class='ocrx_word' id='word_1_38' title='bbox 1021 696 1055 747; x_wconf 79' lang='lat'>25</span> 
     </span>
     <span class='ocr_line' id='line_1_7' title="bbox 134 768 841 855; baseline 0 -23"><span class='ocrx_word' id='word_1_39' title='bbox 134 768 208 852; x_wconf 88' lang='lat' dir='ltr'>Ipse</span> <span class='ocrx_word' id='word_1_40' title='bbox 229 770 309 833; x_wconf 88' lang='lat' dir='ltr'>tuis:</span> <span class='ocrx_word' id='word_1_41' title='bbox 331 770 447 855; x_wconf 83' lang='lat' dir='ltr'>longae</span> <span class='ocrx_word' id='word_1_42' title='bbox 468 770 557 834; x_wconf 89' lang='lat' dir='ltr'>nulla</span> <span class='ocrx_word' id='word_1_43' title='bbox 577 770 704 852; x_wconf 91' lang='lat' dir='ltr'>repulsa</span> <span class='ocrx_word' id='word_1_44' title='bbox 724 790 841 833; x_wconf 87' lang='lat' dir='ltr'>morae.</span> 
     </span>
     <span class='ocr_line' id='line_1_8' title="bbox 92 851 881 936; baseline -0.001 -20"><span class='ocrx_word' id='word_1_45' title='bbox 92 851 168 916; x_wconf 91' lang='lat' dir='ltr'>Non</span> <span class='ocrx_word' id='word_1_46' title='bbox 190 852 304 936; x_wconf 76' lang='lat' dir='ltr'>Tyriae</span> <span class='ocrx_word' id='word_1_47' title='bbox 325 857 429 918; x_wconf 91' lang='lat' dir='ltr'>vestes</span> <span class='ocrx_word' id='word_1_48' title='bbox 451 854 588 918; x_wconf 73' lang='lat' dir='ltr'>errantia</span> <span class='ocrx_word' id='word_1_49' title='bbox 608 853 729 916; x_wconf 90' lang='lat' dir='ltr'>lumina</span> <span class='ocrx_word' id='word_1_50' title='bbox 750 852 881 935; x_wconf 86' lang='lat' dir='ltr'>fallunt,</span> 
     </span>
     <span class='ocr_line' id='line_1_9' title="bbox 121 936 883 1020; baseline -0.001 -21"><span class='ocrx_word' id='word_1_51' title='bbox 121 936 196 1000; x_wconf 61' lang='lat' dir='ltr'>‘nst</span> <span class='ocrx_word' id='word_1_52' title='bbox 216 959 319 1020; x_wconf 89' lang='lat' dir='ltr'>neque</span> <span class='ocrx_word' id='word_1_53' title='bbox 342 937 489 1002; x_wconf 82' lang='lat' dir='ltr'>odoratae</span> <span class='ocrx_word' id='word_1_54' title='bbox 512 959 586 1001; x_wconf 88' lang='lat' dir='ltr'>eura</span> <span class='ocrx_word' id='word_1_55' title='bbox 607 939 743 1001; x_wconf 89' lang='lat' dir='ltr'>molesta</span> <span class='ocrx_word' id='word_1_56' title='bbox 764 956 883 1000; x_wconf 88' lang='lat' dir='ltr'>comae.</span> 
     </span>
     <span class='ocr_line' id='line_1_10' title="bbox 94 1020 872 1104; baseline -0.001 -21"><span class='ocrx_word' id='word_1_57' title='bbox 94 1020 141 1082; x_wconf 84' lang='lat' dir='ltr'>At</span> <span class='ocrx_word' id='word_1_58' title='bbox 162 1023 273 1084; x_wconf 81' lang='lat' dir='ltr'>nostra</span> <span class='ocrx_word' id='word_1_59' title='bbox 294 1021 420 1104; x_wconf 87' lang='lat' dir='ltr'>ingenti</span> <span class='ocrx_word' id='word_1_60' title='bbox 441 1020 527 1084; x_wconf 85' lang='lat' dir='ltr'>vadit</span> <span class='ocrx_word' id='word_1_61' title='bbox 548 1020 743 1085; x_wconf 88' lang='lat' dir='ltr'>circumdata</span> <span class='ocrx_word' id='word_1_62' title='bbox 763 1021 857 1083; x_wconf 92' lang='lat' dir='ltr'>turba</span> <span class='ocrx_word' id='word_1_63' title='bbox 863 1066 872 1101; x_wconf 89' lang='lat'><em>,</em></span> 
     </span>
     <span class='ocr_line' id='line_1_11' title="bbox 135 1103 1055 1188; baseline -0.005 -20"><span class='ocrx_word' id='word_1_64' title='bbox 135 1103 205 1168; x_wconf 89' lang='lat' dir='ltr'>Nec</span> <span class='ocrx_word' id='word_1_65' title='bbox 226 1104 362 1188; x_wconf 86' lang='lat' dir='ltr'>digitum</span> <span class='ocrx_word' id='word_1_66' title='bbox 385 1106 550 1188; x_wconf 71' lang='lat' dir='ltr'>angustast</span> <span class='ocrx_word' id='word_1_67' title='bbox 571 1103 741 1168; x_wconf 90' lang='lat' dir='ltr'>inseruisse</span> <span class='ocrx_word' id='word_1_68' title='bbox 763 1105 829 1185; x_wconf 84' lang='lat' dir='ltr'>via,</span> <span class='ocrx_word' id='word_1_69' title='bbox 1022 1114 1055 1164; x_wconf 83' lang='lat'>30</span> 
     </span>
     <span class='ocr_line' id='line_1_12' title="bbox 92 1185 991 1272; baseline -0.004 -20"><span class='ocrx_word' id='word_1_70' title='bbox 92 1185 125 1252; x_wconf 91' lang='lat' dir='ltr'>N</span> <span class='ocrx_word' id='word_1_71' title='bbox 127 1208 163 1250; x_wconf 88' lang='lat' dir='ltr'>ec</span> <span class='ocrx_word' id='word_1_72' title='bbox 182 1209 263 1271; x_wconf 85' lang='lat' dir='ltr'>quae</span> <span class='ocrx_word' id='word_1_73' title='bbox 285 1187 350 1252; x_wconf 87' lang='lat' dir='ltr'>sint</span> <span class='ocrx_word' id='word_1_74' title='bbox 369 1187 467 1251; x_wconf 82' lang='lat' dir='ltr'>facies</span> <span class='ocrx_word' id='word_1_75' title='bbox 481 1209 541 1251; x_wconf 93' lang='lat' dir='ltr'>nec</span> <span class='ocrx_word' id='word_1_76' title='bbox 556 1209 636 1272; x_wconf 88' lang='lat' dir='ltr'>quae</span> <span class='ocrx_word' id='word_1_77' title='bbox 651 1188 717 1251; x_wconf 90' lang='lat' dir='ltr'>sint</span> <span class='ocrx_word' id='word_1_78' title='bbox 730 1187 827 1251; x_wconf 85' lang='lat' dir='ltr'>verba</span> <span class='ocrx_word' id='word_1_79' title='bbox 840 1185 991 1270; x_wconf 83' lang='lat' dir='ltr'>rogandi,</span> 
     </span>
     <span class='ocr_line' id='line_1_13' title="bbox 135 1270 810 1335; baseline 0.001 -2"><span class='ocrx_word' id='word_1_80' title='bbox 135 1270 297 1335; x_wconf 86' lang='lat' dir='ltr'>Invenias:</span> <span class='ocrx_word' id='word_1_81' title='bbox 322 1292 448 1335; x_wconf 88' lang='lat' dir='ltr'>caecum</span> <span class='ocrx_word' id='word_1_82' title='bbox 469 1274 575 1335; x_wconf 84' lang='lat' dir='ltr'>versat</span> <span class='ocrx_word' id='word_1_83' title='bbox 596 1274 719 1334; x_wconf 85' lang='lat' dir='ltr'>amator</span> <span class='ocrx_word' id='word_1_84' title='bbox 740 1271 810 1334; x_wconf 91' lang='lat' dir='ltr'>iter.</span> 
     </span>
     <span class='ocr_line' id='line_1_14' title="bbox 95 1352 985 1439; baseline -0.001 -23"><span class='ocrx_word' id='word_1_85' title='bbox 95 1353 186 1427; x_wconf 80' lang='lat' dir='ltr'>Quod</span> <span class='ocrx_word' id='word_1_86' title='bbox 209 1356 236 1417; x_wconf 91' lang='lat' dir='ltr'>si</span> <span class='ocrx_word' id='word_1_87' title='bbox 257 1356 328 1418; x_wconf 90' lang='lat' dir='ltr'>iura</span> <span class='ocrx_word' id='word_1_88' title='bbox 348 1355 433 1419; x_wconf 89' lang='lat' dir='ltr'>fores</span> <span class='ocrx_word' id='word_1_89' title='bbox 454 1375 643 1439; x_wconf 85' lang='lat' dir='ltr'>pugnasque</span> <span class='ocrx_word' id='word_1_90' title='bbox 665 1354 790 1417; x_wconf 87' lang='lat' dir='ltr'>imitata</span> <span class='ocrx_word' id='word_1_91' title='bbox 810 1352 985 1436; x_wconf 85' lang='lat' dir='ltr'>Laconum,</span> 
     </span>
     <span class='ocr_line' id='line_1_15' title="bbox 137 1435 866 1521; baseline -0.004 -19"><span class='ocrx_word' id='word_1_92' title='bbox 137 1435 248 1502; x_wconf 82' lang='lat' dir='ltr'>Carior</span> <span class='ocrx_word' id='word_1_93' title='bbox 268 1438 330 1503; x_wconf 90' lang='lat' dir='ltr'>hoc</span> <span class='ocrx_word' id='word_1_94' title='bbox 352 1460 437 1503; x_wconf 88' lang='lat' dir='ltr'>esses</span> <span class='ocrx_word' id='word_1_95' title='bbox 458 1442 495 1502; x_wconf 85' lang='lat' dir='ltr'>tu</span> <span class='ocrx_word' id='word_1_96' title='bbox 516 1439 610 1521; x_wconf 84' lang='lat' dir='ltr'>mihi,</span> <span class='ocrx_word' id='word_1_97' title='bbox 633 1437 748 1520; x_wconf 86' lang='lat' dir='ltr'>Roma,</span> <span class='ocrx_word' id='word_1_98' title='bbox 770 1437 866 1500; x_wconf 75' lang='lat' dir='ltr'>bono,</span> 
     </span>
    </p>
   </div>
   <div class='ocr_carea' id='block_1_3' title="bbox 92 1647 1056 3110">
    <p class='ocr_par' dir='ltr' id='par_1_3' title="bbox 455 1647 697 1751">
     <span class='ocr_line' id='line_1_16' title="bbox 455 1647 697 1751; baseline 0 -28"><span class='ocrx_word' id='word_1_99' title='bbox 455 1651 561 1724; x_wconf 85' lang='lat' dir='ltr'>XIIII</span> <span class='ocrx_word' id='word_1_100' title='bbox 589 1647 697 1751; x_wconf 53' lang='lat' dir='ltr'>[XV]</span> 
     </span>
    </p>

    <p class='ocr_par' dir='ltr' id='par_1_4' title="bbox 94 1773 1011 1941">
     <span class='ocr_line' id='line_1_17' title="bbox 94 1773 1011 1858; baseline -0.004 -20"><span class='ocrx_word' id='word_1_101' title='bbox 94 1773 146 1838; x_wconf 78' lang='lat' dir='ltr'>Sic</span> <span class='ocrx_word' id='word_1_102' title='bbox 169 1795 317 1858; x_wconf 83' lang='lat' dir='ltr'>egenen</span> <span class='ocrx_word' id='word_1_103' title='bbox 337 1774 421 1838; x_wconf 89' lang='lat' dir='ltr'>ullos</span> <span class='ocrx_word' id='word_1_104' title='bbox 444 1775 508 1837; x_wconf 87' lang='lat' dir='ltr'>iam</span> <span class='ocrx_word' id='word_1_105' title='bbox 529 1774 635 1837; x_wconf 87' lang='lat' dir='ltr'>norim</span> <span class='ocrx_word' id='word_1_106' title='bbox 657 1773 691 1836; x_wconf 94' lang='lat' dir='ltr'>in</span> <span class='ocrx_word' id='word_1_107' title='bbox 713 1793 820 1836; x_wconf 90' lang='lat' dir='ltr'>amore</span> <span class='ocrx_word' id='word_1_108' title='bbox 841 1773 1011 1853; x_wconf 88' lang='lat' dir='ltr'>tumultus,</span> 
     </span>
     <span class='ocr_line' id='line_1_18' title="bbox 135 1855 865 1941; baseline -0.005 -19"><span class='ocrx_word' id='word_1_109' title='bbox 135 1857 204 1922; x_wconf 90' lang='lat' dir='ltr'>Nec</span> <span class='ocrx_word' id='word_1_110' title='bbox 226 1859 333 1921; x_wconf 88' lang='lat' dir='ltr'>veniat</span> <span class='ocrx_word' id='word_1_111' title='bbox 353 1859 423 1921; x_wconf 88' lang='lat' dir='ltr'>sine</span> <span class='ocrx_word' id='word_1_112' title='bbox 445 1860 478 1920; x_wconf 89' lang='lat' dir='ltr'>te</span> <span class='ocrx_word' id='word_1_113' title='bbox 499 1878 564 1920; x_wconf 88' lang='lat' dir='ltr'>nox</span> <span class='ocrx_word' id='word_1_114' title='bbox 585 1856 750 1941; x_wconf 82' lang='lat' dir='ltr'>vigilanda</span> <span class='ocrx_word' id='word_1_115' title='bbox 771 1855 865 1918; x_wconf 92' lang='lat' dir='ltr'>mihi:</span> 
     </span>
    </p>

    <p class='ocr_par' dir='ltr' id='par_1_5' title="bbox 92 1938 934 2103">
     <span class='ocr_line' id='line_1_19' title="bbox 92 1938 934 2022; baseline -0.004 -19"><span class='ocrx_word' id='word_1_116' title='bbox 92 1939 139 2003; x_wconf 87' lang='lat' dir='ltr'>Vt</span> <span class='ocrx_word' id='word_1_117' title='bbox 159 1939 237 2003; x_wconf 91' lang='lat' dir='ltr'>mihi</span> <span class='ocrx_word' id='word_1_118' title='bbox 260 1943 441 2022; x_wconf 81' lang='lat' dir='ltr'>praetextae</span> <span class='ocrx_word' id='word_1_119' title='bbox 462 1940 565 2022; x_wconf 91' lang='lat' dir='ltr'>pudor</span> <span class='ocrx_word' id='word_1_120' title='bbox 587 1943 636 2003; x_wconf 85' lang='lat' dir='ltr'>est</span> <span class='ocrx_word' id='word_1_121' title='bbox 657 1938 779 2002; x_wconf 86' lang='lat' dir='ltr'>velatus</span> <span class='ocrx_word' id='word_1_122' title='bbox 803 1939 934 2019; x_wconf 87' lang='lat' dir='ltr'>amictu,</span> 
     </span>
     <span class='ocr_line' id='line_1_20' title="bbox 135 2022 816 2103; baseline -0.003 -17"><span class='ocrx_word' id='word_1_123' title='bbox 135 2022 179 2086; x_wconf 79' lang='lat' dir='ltr'>nt</span> <span class='ocrx_word' id='word_1_124' title='bbox 201 2023 274 2085; x_wconf 87' lang='lat' dir='ltr'>data</span> <span class='ocrx_word' id='word_1_125' title='bbox 295 2022 426 2087; x_wconf 88' lang='lat' dir='ltr'>libertas</span> <span class='ocrx_word' id='word_1_126' title='bbox 448 2043 580 2087; x_wconf 85' lang='lat' dir='ltr'>noscere</span> <span class='ocrx_word' id='word_1_127' title='bbox 602 2022 719 2086; x_wconf 88' lang='lat' dir='ltr'>amoris</span> <span class='ocrx_word' id='word_1_128' title='bbox 741 2022 816 2103; x_wconf 87' lang='lat' dir='ltr'>iter,</span> 
     </span>
    </p>

    <p class='ocr_par' dir='ltr' id='par_1_6' title="bbox 93 2104 1054 2272">
     <span class='ocr_line' id='line_1_21' title="bbox 93 2104 1054 2189; baseline 0 -19"><span class='ocrx_word' id='word_1_129' title='bbox 93 2105 155 2170; x_wconf 90' lang='lat' dir='ltr'>Illa</span> <span class='ocrx_word' id='word_1_130' title='bbox 175 2106 268 2170; x_wconf 91' lang='lat' dir='ltr'>rudes</span> <span class='ocrx_word' id='word_1_131' title='bbox 291 2107 413 2171; x_wconf 91' lang='lat' dir='ltr'>animos</span> <span class='ocrx_word' id='word_1_132' title='bbox 434 2128 492 2189; x_wconf 91' lang='lat' dir='ltr'>per</span> <span class='ocrx_word' id='word_1_133' title='bbox 513 2108 622 2170; x_wconf 88' lang='lat' dir='ltr'>noctes</span> <span class='ocrx_word' id='word_1_134' title='bbox 645 2105 773 2169; x_wconf 88' lang='lat' dir='ltr'>conscia</span> <span class='ocrx_word' id='word_1_135' title='bbox 793 2104 912 2187; x_wconf 88' lang='lat' dir='ltr'>primas</span> <span class='ocrx_word' id='word_1_136' title='bbox 1038 2118 1054 2170; x_wconf 79' lang='lat'>5</span> 
     </span>
     <span class='ocr_line' id='line_1_22' title="bbox 137 2188 851 2272; baseline 0 -20"><span class='ocrx_word' id='word_1_137' title='bbox 137 2189 256 2253; x_wconf 91' lang='lat' dir='ltr'>Imbuit</span> <span class='ocrx_word' id='word_1_138' title='bbox 276 2190 339 2254; x_wconf 92' lang='lat' dir='ltr'>heu</span> <span class='ocrx_word' id='word_1_139' title='bbox 359 2191 457 2254; x_wconf 92' lang='lat' dir='ltr'>nullis</span> <span class='ocrx_word' id='word_1_140' title='bbox 480 2192 572 2272; x_wconf 84' lang='lat' dir='ltr'>capte</span> <span class='ocrx_word' id='word_1_141' title='bbox 592 2189 736 2271; x_wconf 83' lang='lat' dir='ltr'>Lycinna</span> <span class='ocrx_word' id='word_1_142' title='bbox 761 2188 851 2252; x_wconf 81' lang='lat' dir='ltr'>datis.</span> 
     </span>
    </p>

    <p class='ocr_par' dir='ltr' id='par_1_7' title="bbox 94 2271 1027 2421">
     <span class='ocr_line' id='line_1_23' title="bbox 94 2271 1027 2338; baseline 0.002 -3"><span class='ocrx_word' id='word_1_143' title='bbox 94 2271 218 2336; x_wconf 88' lang='lat' dir='ltr'>Tertius</span> <span class='ocrx_word' id='word_1_144' title='bbox 240 2272 325 2337; x_wconf 88' lang='lat' dir='ltr'>haud</span> <span class='ocrx_word' id='word_1_145' title='bbox 345 2274 448 2338; x_wconf 86' lang='lat' dir='ltr'>multe</span> <span class='ocrx_word' id='word_1_146' title='bbox 470 2273 575 2336; x_wconf 91' lang='lat' dir='ltr'>minus</span> <span class='ocrx_word' id='word_1_147' title='bbox 598 2275 647 2336; x_wconf 84' lang='lat' dir='ltr'>est</span> <span class='ocrx_word' id='word_1_148' title='bbox 668 2293 740 2335; x_wconf 89' lang='lat' dir='ltr'>cum</span> <span class='ocrx_word' id='word_1_149' title='bbox 762 2271 888 2335; x_wconf 86' lang='lat' dir='ltr'>ducitur</span> <span class='ocrx_word' id='word_1_150' title='bbox 910 2293 1027 2338; x_wconf 90' lang='lat' dir='ltr'>annus:</span> 
     </span>
     <span class='ocr_line' id='line_1_24' title="bbox 135 2354 901 2421; baseline -0.007 -2"><span class='ocrx_word' id='word_1_151' title='bbox 135 2354 199 2419; x_wconf 86' lang='lat' dir='ltr'>Vix</span> <span class='ocrx_word' id='word_1_152' title='bbox 220 2358 351 2421; x_wconf 91' lang='lat' dir='ltr'>memini</span> <span class='ocrx_word' id='word_1_153' title='bbox 371 2357 465 2421; x_wconf 88' lang='lat' dir='ltr'>nobis</span> <span class='ocrx_word' id='word_1_154' title='bbox 487 2356 583 2420; x_wconf 85' lang='lat' dir='ltr'>verba</span> <span class='ocrx_word' id='word_1_155' title='bbox 607 2356 708 2419; x_wconf 89' lang='lat' dir='ltr'>coisse</span> <span class='ocrx_word' id='word_1_156' title='bbox 730 2355 849 2419; x_wconf 89' lang='lat' dir='ltr'>decern.</span> <span class='ocrx_word' id='word_1_157' title='bbox 897 2406 901 2414; x_wconf 94' lang='lat'>.</span> 
     </span>
    </p>

    <p class='ocr_par' dir='ltr' id='par_1_8' title="bbox 94 2438 1056 2587">
     <span class='ocr_line' id='line_1_25' title="bbox 94 2438 973 2523; baseline -0.001 -18"><span class='ocrx_word' id='word_1_158' title='bbox 94 2440 217 2506; x_wconf 86' lang='lat' dir='ltr'>Cuncta</span> <span class='ocrx_word' id='word_1_159' title='bbox 237 2444 310 2504; x_wconf 88' lang='lat' dir='ltr'>tuus</span> <span class='ocrx_word' id='word_1_160' title='bbox 333 2440 478 2523; x_wconf 86' lang='lat' dir='ltr'>sepelivit</span> <span class='ocrx_word' id='word_1_161' title='bbox 499 2461 602 2522; x_wconf 87' lang='lat' dir='ltr'>amor,</span> <span class='ocrx_word' id='word_1_162' title='bbox 624 2459 684 2503; x_wconf 89' lang='lat' dir='ltr'>nec</span> <span class='ocrx_word' id='word_1_163' title='bbox 705 2438 826 2503; x_wconf 84' lang='lat' dir='ltr'>femina</span> <span class='ocrx_word' id='word_1_164' title='bbox 846 2442 920 2522; x_wconf 89' lang='lat' dir='ltr'>post</span> <span class='ocrx_word' id='word_1_165' title='bbox 940 2444 973 2504; x_wconf 87' lang='lat' dir='ltr'>te</span> 
     </span>
     <span class='ocr_line' id='line_1_26' title="bbox 135 2522 1056 2587; baseline 0 -1"><span class='ocrx_word' id='word_1_166' title='bbox 135 2523 210 2587; x_wconf 88' lang='lat' dir='ltr'>Vlla</span> <span class='ocrx_word' id='word_1_167' title='bbox 232 2523 319 2587; x_wconf 88' lang='lat' dir='ltr'>dedit</span> <span class='ocrx_word' id='word_1_168' title='bbox 343 2524 425 2587; x_wconf 89' lang='lat' dir='ltr'>collo</span> <span class='ocrx_word' id='word_1_169' title='bbox 448 2522 553 2587; x_wconf 84' lang='lat' dir='ltr'>dulcia</span> <span class='ocrx_word' id='word_1_170' title='bbox 573 2523 680 2587; x_wconf 76' lang='lat' dir='ltr'>vincla</span> <span class='ocrx_word' id='word_1_171' title='bbox 700 2544 783 2587; x_wconf 88' lang='lat' dir='ltr'>mec.</span> <span class='ocrx_word' id='word_1_172' title='bbox 1023 2536 1056 2586; x_wconf 84' lang='lat'>10</span> 
     </span>
    </p>

    <p class='ocr_par' dir='ltr' id='par_1_9' title="bbox 93 2606 866 2775">
     <span class='ocr_line' id='line_1_27' title="bbox 93 2606 866 2691; baseline 0 -19"><span class='ocrx_word' id='word_1_173' title='bbox 93 2607 199 2672; x_wconf 77' lang='lat' dir='ltr'>Testis</span> <span class='ocrx_word' id='word_1_174' title='bbox 222 2607 282 2670; x_wconf 88' lang='lat' dir='ltr'>erit</span> <span class='ocrx_word' id='word_1_175' title='bbox 302 2606 397 2671; x_wconf 89' lang='lat' dir='ltr'>Dirce</span> <span class='ocrx_word' id='word_1_176' title='bbox 417 2610 484 2670; x_wconf 84' lang='lat' dir='ltr'>tam</span> <span class='ocrx_word' id='word_1_177' title='bbox 505 2627 580 2670; x_wconf 84' lang='lat' dir='ltr'>vero</span> <span class='ocrx_word' id='word_1_178' title='bbox 604 2607 735 2670; x_wconf 89' lang='lat' dir='ltr'>crimine</span> <span class='ocrx_word' id='word_1_179' title='bbox 758 2628 866 2691; x_wconf 87' lang='lat' dir='ltr'>saeva,</span> 
     </span>
     <span class='ocr_line' id='line_1_28' title="bbox 135 2689 787 2775; baseline 0 -20"><span class='ocrx_word' id='word_1_180' title='bbox 135 2689 279 2772; x_wconf 85' lang='lat' dir='ltr'>Nycteos</span> <span class='ocrx_word' id='word_1_181' title='bbox 301 2691 464 2773; x_wconf 89' lang='lat' dir='ltr'>Antiopen</span> <span class='ocrx_word' id='word_1_182' title='bbox 487 2689 669 2756; x_wconf 86' lang='lat' dir='ltr'>accubuisse</span> <span class='ocrx_word' id='word_1_183' title='bbox 691 2691 787 2775; x_wconf 75' lang='lat' dir='ltr'>Lyco,</span> 
     </span>
    </p>

    <p class='ocr_par' dir='ltr' id='par_1_10' title="bbox 92 2773 871 2942">
     <span class='ocr_line' id='line_1_29' title="bbox 92 2773 871 2858; baseline 0.004 -22"><span class='ocrx_word' id='word_1_184' title='bbox 92 2774 124 2836; x_wconf 89' lang='lat' dir='ltr'>A</span> <span class='ocrx_word' id='word_1_185' title='bbox 167 2775 293 2838; x_wconf 92' lang='lat' dir='ltr'>uotiens</span> <span class='ocrx_word' id='word_1_186' title='bbox 314 2773 464 2858; x_wconf 89' lang='lat' dir='ltr'>pulchros</span> <span class='ocrx_word' id='word_1_187' title='bbox 486 2774 568 2838; x_wconf 87' lang='lat' dir='ltr'>ussit</span> <span class='ocrx_word' id='word_1_188' title='bbox 588 2775 700 2858; x_wconf 87' lang='lat' dir='ltr'>regina</span> <span class='ocrx_word' id='word_1_189' title='bbox 722 2775 871 2858; x_wconf 88' lang='lat' dir='ltr'>capillos,</span> 
     </span>
     <span class='ocr_line' id='line_1_30' title="bbox 135 2795 867 2942; baseline 0.005 -21"><span class='ocrx_word' id='word_1_190' title='bbox 135 2795 308 2942; x_wconf 78' lang='lat' dir='ltr'>lliolliaque</span> <span class='ocrx_word' id='word_1_191' title='bbox 329 2858 495 2922; x_wconf 85' lang='lat' dir='ltr'>inmittens</span> <span class='ocrx_word' id='word_1_192' title='bbox 516 2858 588 2922; x_wconf 85' lang='lat' dir='ltr'>fixit</span> <span class='ocrx_word' id='word_1_193' title='bbox 608 2859 644 2921; x_wconf 93' lang='lat' dir='ltr'>in</span> <span class='ocrx_word' id='word_1_194' title='bbox 665 2879 721 2922; x_wconf 90' lang='lat' dir='ltr'>ora</span> <span class='ocrx_word' id='word_1_195' title='bbox 741 2862 867 2925; x_wconf 86' lang='lat' dir='ltr'>manus!</span> 
     </span>
    </p>

    <p class='ocr_par' dir='ltr' id='par_1_11' title="bbox 92 2941 1055 3110">
     <span class='ocr_line' id='line_1_31' title="bbox 92 2941 1055 3027; baseline -0.001 -22"><span class='ocrx_word' id='word_1_196' title='bbox 92 2941 124 3005; x_wconf 81' lang='lat' dir='ltr'>A</span> <span class='ocrx_word' id='word_1_197' title='bbox 146 2943 292 3025; x_wconf 89' lang='lat' dir='ltr'>quotiens</span> <span class='ocrx_word' id='word_1_198' title='bbox 314 2942 466 3006; x_wconf 85' lang='lat' dir='ltr'>famulam</span> <span class='ocrx_word' id='word_1_199' title='bbox 487 2942 596 3025; x_wconf 87' lang='lat' dir='ltr'>pensis</span> <span class='ocrx_word' id='word_1_200' title='bbox 618 2944 762 3007; x_wconf 85' lang='lat' dir='ltr'>oneravit</span> <span class='ocrx_word' id='word_1_201' title='bbox 782 2943 915 3027; x_wconf 86' lang='lat' dir='ltr'>iniquis,</span> <span class='ocrx_word' id='word_1_202' title='bbox 1024 2954 1055 3004; x_wconf 80' lang='lat'>15</span> 
     </span>
     <span class='ocr_line' id='line_1_32' title="bbox 136 3024 840 3110; baseline 0.001 -21"><span class='ocrx_word' id='word_1_203' title='bbox 136 3024 180 3089; x_wconf 82' lang='lat' dir='ltr'>Et</span> <span class='ocrx_word' id='word_1_204' title='bbox 202 3028 297 3107; x_wconf 87' lang='lat' dir='ltr'>caput</span> <span class='ocrx_word' id='word_1_205' title='bbox 317 3026 353 3088; x_wconf 91' lang='lat' dir='ltr'>in</span> <span class='ocrx_word' id='word_1_206' title='bbox 374 3025 452 3090; x_wconf 90' lang='lat' dir='ltr'>dura</span> <span class='ocrx_word' id='word_1_207' title='bbox 474 3047 592 3110; x_wconf 85' lang='lat' dir='ltr'>ponere</span> <span class='ocrx_word' id='word_1_208' title='bbox 614 3026 709 3090; x_wconf 88' lang='lat' dir='ltr'>iussit</span> <span class='ocrx_word' id='word_1_209' title='bbox 728 3026 840 3091; x_wconf 89' lang='lat' dir='ltr'>humo!</span> 
     </span>
    </p>
   </div>
   <div class='ocr_carea' id='block_1_4' title="bbox 93 3106 1055 3443">
    <p class='ocr_par' dir='ltr' id='par_1_12' title="bbox 93 3106 1055 3443">
     <span class='ocr_line' id='line_1_33' title="bbox 94 3106 976 3194; baseline 0.001 -23"><span class='ocrx_word' id='word_1_210' title='bbox 94 3106 153 3172; x_wconf 86' lang='lat' dir='ltr'>Sae</span> <span class='ocrx_word' id='word_1_211' title='bbox 177 3129 194 3171; x_wconf 85' lang='lat' dir='ltr'>e</span> <span class='ocrx_word' id='word_1_212' title='bbox 215 3108 305 3171; x_wconf 90' lang='lat' dir='ltr'>illam</span> <span class='ocrx_word' id='word_1_213' title='bbox 325 3108 487 3173; x_wconf 88' lang='lat' dir='ltr'>inmundis</span> <span class='ocrx_word' id='word_1_214' title='bbox 509 3113 635 3194; x_wconf 88' lang='lat' dir='ltr'>passast</span> <span class='ocrx_word' id='word_1_215' title='bbox 654 3109 799 3174; x_wconf 90' lang='lat' dir='ltr'>habitare</span> <span class='ocrx_word' id='word_1_216' title='bbox 820 3109 976 3190; x_wconf 85' lang='lat' dir='ltr'>tenebris,</span> 
     </span>
     <span class='ocr_line' id='line_1_34' title="bbox 166 3191 798 3279; baseline 0.006 -26"><span class='ocrx_word' id='word_1_217' title='bbox 166 3191 242 3254; x_wconf 92' lang='lat' dir='ltr'>ilem</span> <span class='ocrx_word' id='word_1_218' title='bbox 263 3191 386 3256; x_wconf 87' lang='lat' dir='ltr'>ieiunae</span> <span class='ocrx_word' id='word_1_219' title='bbox 408 3214 502 3276; x_wconf 88' lang='lat' dir='ltr'>saepe</span> <span class='ocrx_word' id='word_1_220' title='bbox 524 3194 655 3279; x_wconf 86' lang='lat' dir='ltr'>negavit</span> <span class='ocrx_word' id='word_1_221' title='bbox 676 3215 798 3276; x_wconf 90' lang='lat' dir='ltr'>aquam.</span> 
     </span>
     <span class='ocr_line' id='line_1_35' title="bbox 93 3273 1055 3443; baseline 0.002 -22"><span class='ocrx_word' id='word_1_222' title='bbox 93 3273 942 3443; x_wconf 47' lang='lat' dir='ltr'>lastidianuslltffllrtnl</span> <span class='ocrx_word' id='word_1_223' title='bbox 1020 3372 1055 3423; x_wconf 78' lang='lat' dir='ltr'>a</span> 
     </span>
    </p>
   </div>
   <div class='ocr_carea' id='block_1_5' title="bbox 93 3440 913 3598">
    <p class='ocr_par' dir='ltr' id='par_1_13' title="bbox 93 3440 913 3598">
     <span class='ocr_line' id='line_1_36' title="bbox 93 3440 913 3527; baseline 0.005 -23"><span class='ocrx_word' id='word_1_224' title='bbox 93 3440 129 3505; x_wconf 78' lang='lat' dir='ltr'>si</span> <span class='ocrx_word' id='word_1_225' title='bbox 150 3440 226 3505; x_wconf 88' lang='lat' dir='ltr'>deus</span> <span class='ocrx_word' id='word_1_226' title='bbox 249 3464 283 3505; x_wconf 91' lang='lat' dir='ltr'>es</span> <span class='ocrx_word' id='word_1_227' title='bbox 289 3492 299 3524; x_wconf 82' lang='lat'><em>‚</em></span> <span class='ocrx_word' id='word_1_228' title='bbox 321 3442 381 3506; x_wconf 91' lang='lat' dir='ltr'>tibi</span> <span class='ocrx_word' id='word_1_229' title='bbox 402 3446 494 3526; x_wconf 88' lang='lat' dir='ltr'>turpe</span> <span class='ocrx_word' id='word_1_230' title='bbox 515 3447 604 3508; x_wconf 89' lang='lat' dir='ltr'>tuam</span> <span class='ocrx_word' id='word_1_231' title='bbox 626 3443 742 3508; x_wconf 84' lang='lat' dir='ltr'>servire</span> <span class='ocrx_word' id='word_1_232' title='bbox 763 3445 913 3527; x_wconf 90' lang='lat' dir='ltr'>puellam.</span> 
     </span>
     <span class='ocr_line' id='line_1_37' title="bbox 144 3541 903 3598; baseline 0.007 -18"><span class='ocrx_word' id='word_1_233' title='bbox 144 3541 294 3583; x_wconf 61' lang='lat' dir='ltr'>mosaeam.</span> <span class='ocrx_word' id='word_1_234' title='bbox 887 3550 903 3598; x_wconf 66' lang='lat' dir='ltr'>a</span> 
     </span>
    </p>
   </div>
   <div class='ocr_carea' id='block_1_6' title="bbox 0 0 1156 3922">
    <p class='ocr_par' dir='ltr' id='par_1_14' title="bbox 0 0 1156 3922">
     <span class='ocr_line' id='line_1_38' title="bbox 0 0 1156 3922; baseline 0 0"><span class='ocrx_word' id='word_1_235' title='bbox 0 0 1156 3922; x_wconf 95' lang='lat' dir='ltr'> </span> 
     </span>
    </p>
   </div>
  </div>
 </body>
</html>
