2302 3922
54 196 117 267 uu]
450 188 558 245 nnnc
578 189 641 245 un.

427 348 649 417 TIBVLLVS.

513 471 550 543 H

58 600 116 667 Sul
138 598 233 665 icisst
252 597 314 662 tibi
336 595 422 661 culte
442 596 521 678 tuis,
544 594 631 658 Mars
651 615 782 678 magne,
805 592 965 657 kalendis:

102 622 287 769 §bectotum
308 702 326 745 e
348 679 450 762 coelo,
473 679 501 742 si
523 678 626 774 sepis?
648 678 716 761 ipse
737 678 819 741 veni.

57 768 132 833 Hoc
151 765 262 832 Venus
284 766 444 849 ignoscet:
467 766 500 826 at
520 765 571 844 tu,
593 762 749 844 molente,
774 764 884 826 caveto

101 850 153 917 Ne
173 850 235 915 tibi
255 848 385 913 miranti
406 848 543 930 turpiter
564 867 653 909 arma
674 845 798 909 cedent.

58 935 152 1001 Illius
174 956 213 999 ex
234 932 351 1014 oculis,
374 952 446 995 cum
467 931 536 994 volt
557 950 686 993 exurere
710 929 813 1011 divos,
1005 938 1023 989 o

102 1016 261 1084 Accendit
282 1015 427 1101 gemines
449 1013 612 1097 lampadas
634 1034 706 1077 scer
727 1014 837 1077 Amor.

59 1104 170 1185 Illam,
191 1098 345 1186 quidquid
367 1099 448 1183 egit,
471 1118 597 1181 quoquo
619 1097 700 1161 vesti
727 1097 892 1175 emovit,

73 1248 77 1253 .
104 1185 175 1253 Con
197 1185 269 1250 onit
288 1183 400 1247 furtim
421 1181 684 1264 subsequiturque
738 1202 819 1277 ecor.

60 1270 125 1337 Seu
146 1208 243 1335 solvit
264 1268 382 1349 crines,
404 1266 485 1330 fusis
507 1265 598 1330 decet
620 1285 687 1329 esse
711 1286 747 1328 oe
769 1265 849 1329 1llis:

104 1353 167 1419 Seu
189 1373 260 1417 com
284 1352 341 1434 sit,
364 1350 500 1447 comptis
523 1352 573 1413 est
594 1369 732 1413 veneren
754 1370 773 1412 e
794 1349 905 1413 comis.
992 1360 1024 1411 10

60 1437 149 1520 Vrit,
172 1458 228 1502 seu
317 1435 345 1499 's
365 1435 468 1498 voluit
488 1432 658 1530 procedere
680 1432 779 1516 pelle:

103 1520 193 1605 Vrit,
215 1541 272 1584 seu
292 1520 385 1583 nives
407 1517 542 1582 cendrda
562 1520 650 1581 veste
671 1516 768 1580 venit.

60 1604 149 1671 Telis
170 1605 206 1669 in
226 1606 356 1668 aeterno
378 1602 454 1666 felix
475 1600 671 1666 Vertumnus
693 1599 788 1683 Olym
811 1622 830 1665 o

103 1688 195 1753 Mille
215 1686 313 1752 habet
335 1690 481 1768 ornatus,
503 1686 591 1750 mille
614 1685 761 1749 decenter
781 1623 888 1749 debet.

62 1772 139 1839 Sole
180 1771 336 1836 uellerum
357 1769 500 1855 dignest,
523 1770 574 1834 cui
595 1769 706 1833 mollia
727 1769 807 1833 ceris
993 1780 1025 1830 16

104 1795 233 1922 Vedera
254 1854 309 1919 det
330 1854 414 1918 sucis
435 1854 486 1918 bis
507 1853 685 1917 madefacto
706 1852 822 1935 Tyros,

62 1939 306 2022 possideatque,
327 1939 421 2002 metit
442 1936 594 2022 quidquid
615 1936 696 2001 bene
719 1936 878 2000 olentibus
901 1936 984 2001 orvis

106 2023 218 2091 Cultor
239 2022 390 2087 odoratae
411 2021 500 2085 dives
521 2021 625 2085 Arabs
648 2021 765 2106 segetis

62 2107 109 2173 Et
129 2128 279 2192 quoscum
303 2128 342 2170 ue
363 2106 456 2191 niger
477 2106 573 2170 rubro
596 2106 635 2169 de
656 2105 749 2169 litore
771 2125 914 2189 gemmas

105 2190 273 2257 Proximus
281 2127 372 2254 (llois
395 2190 519 2274 colligit
539 2189 638 2254 Indus
660 2189 760 2273 aquis.
992 2201 1027 2250 20

63 2274 251 2359 Honores,
273 2272 430 2356 Pierides,
452 2274 545 2339 festis
567 2274 691 2338 cantate
713 2272 873 2356 kalendis,

106 2358 151 2425 nt
170 2357 352 2423 testudinea
372 2357 502 2422 Phoebe
524 2358 658 2442 superbe
679 2358 757 2440 lyra.

63 2442 137 2509 Hoc
158 2443 299 2507 solemne
322 2463 446 2507 sacrum
467 2444 585 2506 multos
601 2446 678 2505 baec
702 2445 806 2505 sumet
819 2441 854 2504 in
868 2461 984 2505 annos:

106 2525 245 2613 Dignior
266 2529 315 2590 est
336 2528 442 2590 vestro
465 2526 553 2589 nulle
574 2526 680 2609 puelle
702 2526 807 2589 choro.

471 2656 623 2665 --.--

514 2740 578 2813 ΠΙ.

63 2871 162 2935 Parce
183 2892 255 2935 meo
278 2872 400 2954 iuveni,
422 2893 479 2935 seu
499 2872 570 2955 quis
592 2872 676 2936 bona
698 2894 815 2956 pascus
837 2874 940 2957 campi

107 2952 170 3019 Seu
191 2955 269 3019 colis
291 2955 434 3019 umbrosi
456 2955 548 3019 devie
567 2956 687 3021 montis
710 2978 800 3040 aper,

62 3038 134 3105 Nec
154 3038 215 3103 tibi
236 3039 279 3103 sit
301 3039 396 3103 duros
418 3040 540 3103 acuisse
561 3041 597 3103 in
617 3041 740 3123 proelia
761 3040 888 3124 dentes,

106 3122 305 3188 Incolumem
327 3125 435 3187 custos
456 3122 542 3188 hunc
564 3124 643 3188 mihi
665 3128 769 3189 servet
790 3127 900 3189 Amor.

64 3206 127 3273 Sed
148 3208 261 3291 procul
283 3207 412 3271 abducit
433 3208 571 3272 venandi
592 3207 685 3272 Delie
707 3230 795 3273 cura:
1012 3219 1029 3269 o

107 3291 134 3355 Ο
156 3295 289 3375 pereant
311 3292 424 3375 silvae,
448 3291 658 3375 deficiantque
680 3295 789 3357 canesl

63 3374 143 3450 Quis
158 3375 248 3440 furor
262 3378 326 3458 est,
349 3396 429 3459 quse
443 3397 548 3458 mens,
572 3375 687 3440 densos
702 3375 854 3459 indagine
870 3377 968 3440 eolles

107 3459 315 3525 Claudentem
337 3462 463 3525 teneres
485 3460 609 3525 loedere
631 3459 712 3524 velle
734 3460 869 3525 manus?

841 3563 875 3615 4⁸
