<?xml version="1.0" encoding="UTF-8"?>
<!DOCTYPE html PUBLIC "-//W3C//DTD XHTML 1.0 Transitional//EN"
    "http://www.w3.org/TR/xhtml1/DTD/xhtml1-transitional.dtd">
<html xmlns="http://www.w3.org/1999/xhtml" xml:lang="en" lang="en">
 <head>
  <title>
</title>
<meta http-equiv="Content-Type" content="text/html;charset=utf-8" />
  <meta name='ocr-system' content='tesseract 3.04.00' />
  <meta name='ocr-capabilities' content='ocr_page ocr_carea ocr_par ocr_line ocrx_word'/>
</head>
<body>
  <div class='ocr_page' id='page_1' title='image "./qvaleriicatulli00catugoog_0157.png"; bbox 0 0 2302 3922; ppageno 0'>
   <div class='ocr_carea' id='block_1_1' title="bbox 111 244 1076 315">
    <p class='ocr_par' dir='ltr' id='par_1_1' title="bbox 111 244 1076 315">
     <span class='ocr_line' id='line_1_1' title="bbox 111 244 1076 315; baseline -0.009 -3"><span class='ocrx_word' id='word_1_1' title='bbox 111 244 154 312; x_wconf 78' lang='lat'>52</span> <span class='ocrx_word' id='word_1_2' title='bbox 517 244 661 302; x_wconf 71' lang='lat' dir='ltr'>aravum</span> <span class='ocrx_word' id='word_1_3' title='bbox 1015 246 1076 315; x_wconf 82' lang='grc'>[111.</span> 
     </span>
    </p>
   </div>
   <div class='ocr_carea' id='block_1_2' title="bbox 131 406 1034 891">
    <p class='ocr_par' dir='ltr' id='par_1_2' title="bbox 131 406 1034 891">
     <span class='ocr_line' id='line_1_2' title="bbox 176 406 996 488; baseline -0.007 -12"><span class='ocrx_word' id='word_1_4' title='bbox 176 411 298 488; x_wconf 85' lang='lat' dir='ltr'>Quidve</span> <span class='ocrx_word' id='word_1_5' title='bbox 318 411 407 474; x_wconf 89' lang='lat' dir='ltr'>iuvat</span> <span class='ocrx_word' id='word_1_6' title='bbox 427 408 539 472; x_wconf 85' lang='lat' dir='ltr'>furtim</span> <span class='ocrx_word' id='word_1_7' title='bbox 560 407 697 471; x_wconf 89' lang='lat' dir='ltr'>latebras</span> <span class='ocrx_word' id='word_1_8' title='bbox 718 408 837 472; x_wconf 90' lang='lat' dir='ltr'>intrare</span> <span class='ocrx_word' id='word_1_9' title='bbox 857 406 996 471; x_wconf 84' lang='lat' dir='ltr'>ferarum</span> 
     </span>
     <span class='ocr_line' id='line_1_3' title="bbox 131 490 961 577; baseline -0.006 -19"><span class='ocrx_word' id='word_1_10' title='bbox 131 510 163 558; x_wconf 90' lang='lat'>10</span> <span class='ocrx_word' id='word_1_11' title='bbox 221 493 426 577; x_wconf 80' lang='lat' dir='ltr'>Candidaque</span> <span class='ocrx_word' id='word_1_12' title='bbox 446 492 583 555; x_wconf 75' lang='lat' dir='ltr'><strong>hamatis</strong></span> <span class='ocrx_word' id='word_1_13' title='bbox 607 513 698 555; x_wconf 81' lang='lat' dir='ltr'>crum</span> <span class='ocrx_word' id='word_1_14' title='bbox 717 494 829 556; x_wconf 88' lang='lat' dir='ltr'>notare</span> <span class='ocrx_word' id='word_1_15' title='bbox 849 490 961 555; x_wconf 79' lang='lat' dir='ltr'>rubis?</span> 
     </span>
     <span class='ocr_line' id='line_1_4' title="bbox 178 573 1034 660; baseline -0.007 -16"><span class='ocrx_word' id='word_1_16' title='bbox 178 579 241 645; x_wconf 83' lang='lat' dir='ltr'>Sed</span> <span class='ocrx_word' id='word_1_17' title='bbox 261 582 384 660; x_wconf 87' lang='lat' dir='ltr'>tamen,</span> <span class='ocrx_word' id='word_1_18' title='bbox 406 579 443 640; x_wconf 92' lang='lat' dir='ltr'>ut</span> <span class='ocrx_word' id='word_1_19' title='bbox 463 579 568 640; x_wconf 91' lang='lat' dir='ltr'>tecum</span> <span class='ocrx_word' id='word_1_20' title='bbox 589 575 698 659; x_wconf 85' lang='lat' dir='ltr'>liceat,</span> <span class='ocrx_word' id='word_1_21' title='bbox 721 573 887 658; x_wconf 80' lang='lat' dir='ltr'>Cerinthe,</span> <span class='ocrx_word' id='word_1_22' title='bbox 909 575 1034 660; x_wconf 88' lang='lat' dir='ltr'>vagari,</span> 
     </span>
     <span class='ocr_line' id='line_1_5' title="bbox 221 660 945 745; baseline -0.004 -19"><span class='ocrx_word' id='word_1_23' title='bbox 221 662 296 745; x_wconf 89' lang='lat' dir='ltr'>Ipsa</span> <span class='ocrx_word' id='word_1_24' title='bbox 318 681 378 745; x_wconf 90' lang='lat' dir='ltr'>ego</span> <span class='ocrx_word' id='word_1_25' title='bbox 400 682 457 745; x_wconf 90' lang='lat' dir='ltr'>per</span> <span class='ocrx_word' id='word_1_26' title='bbox 478 662 603 723; x_wconf 90' lang='lat' dir='ltr'>montes</span> <span class='ocrx_word' id='word_1_27' title='bbox 625 660 705 723; x_wconf 90' lang='lat' dir='ltr'>retia</span> <span class='ocrx_word' id='word_1_28' title='bbox 724 663 810 724; x_wconf 88' lang='lat' dir='ltr'>torta</span> <span class='ocrx_word' id='word_1_29' title='bbox 830 660 945 743; x_wconf 84' lang='lat' dir='ltr'>feram,</span> 
     </span>
     <span class='ocr_line' id='line_1_6' title="bbox 176 744 910 891; baseline -0.001 -83"><span class='ocrx_word' id='word_1_30' title='bbox 176 744 252 828; x_wconf 89' lang='lat' dir='ltr'>Ipsa</span> <span class='ocrx_word' id='word_1_31' title='bbox 274 765 334 891; x_wconf 66' lang='lat' dir='ltr'>ego</span> <span class='ocrx_word' id='word_1_32' title='bbox 356 744 475 808; x_wconf 86' lang='lat' dir='ltr'>velocis</span> <span class='ocrx_word' id='word_1_33' title='bbox 497 764 646 826; x_wconf 83' lang='lat' dir='ltr'><strong>quaeram</strong></span> <span class='ocrx_word' id='word_1_34' title='bbox 667 744 803 827; x_wconf 86' lang='lat' dir='ltr'>vestigia</span> <span class='ocrx_word' id='word_1_35' title='bbox 825 744 910 808; x_wconf 82' lang='lat' dir='ltr'>cervi</span> 
     </span>
    </p>
   </div>
   <div class='ocr_carea' id='block_1_3' title="bbox 127 827 1076 1832">
    <p class='ocr_par' dir='ltr' id='par_1_3' title="bbox 127 827 1076 1832">
     <span class='ocr_line' id='line_1_7' title="bbox 219 827 880 892; baseline 0.002 -1"><span class='ocrx_word' id='word_1_36' title='bbox 219 828 263 891; x_wconf 83' lang='lat' dir='ltr'>Et</span> <span class='ocrx_word' id='word_1_37' title='bbox 307 849 410 891; x_wconf 91' lang='lat' dir='ltr'>emam</span> <span class='ocrx_word' id='word_1_38' title='bbox 432 828 527 892; x_wconf 90' lang='lat' dir='ltr'>celeri</span> <span class='ocrx_word' id='word_1_39' title='bbox 547 828 651 891; x_wconf 87' lang='lat' dir='ltr'>ferrea</span> <span class='ocrx_word' id='word_1_40' title='bbox 671 827 778 891; x_wconf 84' lang='lat' dir='ltr'>vincla</span> <span class='ocrx_word' id='word_1_41' title='bbox 799 828 880 892; x_wconf 88' lang='lat' dir='ltr'>cani.</span> 
     </span>
     <span class='ocr_line' id='line_1_8' title="bbox 127 911 1076 997; baseline 0.004 -24"><span class='ocrx_word' id='word_1_42' title='bbox 127 922 160 974; x_wconf 81' lang='lat'>15</span> <span class='ocrx_word' id='word_1_43' title='bbox 174 912 265 976; x_wconf 86' lang='lat' dir='ltr'>Tunc</span> <span class='ocrx_word' id='word_1_44' title='bbox 291 911 386 994; x_wconf 89' lang='lat' dir='ltr'>mihi,</span> <span class='ocrx_word' id='word_1_45' title='bbox 414 915 491 975; x_wconf 88' lang='lat' dir='ltr'>tunc</span> <span class='ocrx_word' id='word_1_46' title='bbox 518 911 666 994; x_wconf 76' lang='lat' dir='ltr'>placeant</span> <span class='ocrx_word' id='word_1_47' title='bbox 692 912 804 994; x_wconf 86' lang='lat' dir='ltr'>silvae,</span> <span class='ocrx_word' id='word_1_48' title='bbox 838 913 879 993; x_wconf 89' lang='lat' dir='ltr'>si,</span> <span class='ocrx_word' id='word_1_49' title='bbox 912 912 967 975; x_wconf 85' lang='lat' dir='ltr'>lux</span> <span class='ocrx_word' id='word_1_50' title='bbox 995 933 1076 997; x_wconf 88' lang='lat' dir='ltr'>mea,</span> 
     </span>
     <span class='ocr_line' id='line_1_9' title="bbox 717 999 823 1060; baseline -0.009 0"><span class='ocrx_word' id='word_1_51' title='bbox 717 999 823 1060; x_wconf 89' lang='lat' dir='ltr'>tecum</span> 
     </span>
     <span class='ocr_line' id='line_1_10' title="bbox 217 1080 928 1166; baseline 0 -21"><span class='ocrx_word' id='word_1_52' title='bbox 217 1082 345 1166; x_wconf 84' lang='lat' dir='ltr'>Arguar</span> <span class='ocrx_word' id='word_1_53' title='bbox 367 1083 442 1144; x_wconf 87' lang='lat' dir='ltr'>aute</span> <span class='ocrx_word' id='word_1_54' title='bbox 463 1081 549 1163; x_wconf 89' lang='lat' dir='ltr'>ipsas</span> <span class='ocrx_word' id='word_1_55' title='bbox 573 1080 781 1144; x_wconf 81' lang='lat' dir='ltr'><strong>concubuisse</strong></span> <span class='ocrx_word' id='word_1_56' title='bbox 801 1081 928 1165; x_wconf 83' lang='lat' dir='ltr'>plagas:</span> 
     </span>
     <span class='ocr_line' id='line_1_11' title="bbox 176 1164 990 1249; baseline -0.002 -19"><span class='ocrx_word' id='word_1_57' title='bbox 176 1166 265 1230; x_wconf 76' lang='lat' dir='ltr'>Tunc</span> <span class='ocrx_word' id='word_1_58' title='bbox 287 1166 395 1230; x_wconf 85' lang='lat' dir='ltr'>veniat</span> <span class='ocrx_word' id='word_1_59' title='bbox 415 1166 491 1229; x_wconf 86' lang='lat' dir='ltr'>licet</span> <span class='ocrx_word' id='word_1_60' title='bbox 512 1164 552 1228; x_wconf 87' lang='lat' dir='ltr'>ad</span> <span class='ocrx_word' id='word_1_61' title='bbox 574 1185 693 1245; x_wconf 87' lang='lat' dir='ltr'>casses,</span> <span class='ocrx_word' id='word_1_62' title='bbox 716 1164 853 1228; x_wconf 86' lang='lat' dir='ltr'>inlaesus</span> <span class='ocrx_word' id='word_1_63' title='bbox 876 1165 990 1249; x_wconf 88' lang='lat' dir='ltr'>abibit,</span> 
     </span>
     <span class='ocr_line' id='line_1_12' title="bbox 218 1249 963 1333; baseline -0.003 -19"><span class='ocrx_word' id='word_1_64' title='bbox 218 1250 269 1314; x_wconf 90' lang='lat' dir='ltr'>Ne</span> <span class='ocrx_word' id='word_1_65' title='bbox 290 1249 424 1315; x_wconf 89' lang='lat' dir='ltr'>Veneris</span> <span class='ocrx_word' id='word_1_66' title='bbox 448 1249 579 1331; x_wconf 85' lang='lat' dir='ltr'>cupidae</span> <span class='ocrx_word' id='word_1_67' title='bbox 600 1249 716 1333; x_wconf 89' lang='lat' dir='ltr'>gaudia</span> <span class='ocrx_word' id='word_1_68' title='bbox 736 1249 844 1313; x_wconf 86' lang='lat' dir='ltr'>turbet</span> <span class='ocrx_word' id='word_1_69' title='bbox 880 1270 963 1333; x_wconf 90' lang='lat' dir='ltr'>aper.</span> 
     </span>
     <span class='ocr_line' id='line_1_13' title="bbox 178 1298 1075 1418; baseline -0.002 -20"><span class='ocrx_word' id='word_1_70' title='bbox 178 1334 273 1399; x_wconf 90' lang='lat' dir='ltr'>Nunc</span> <span class='ocrx_word' id='word_1_71' title='bbox 296 1336 365 1398; x_wconf 86' lang='lat' dir='ltr'>siue</span> <span class='ocrx_word' id='word_1_72' title='bbox 386 1355 437 1397; x_wconf 91' lang='lat' dir='ltr'>me</span> <span class='ocrx_word' id='word_1_73' title='bbox 460 1333 502 1395; x_wconf 90' lang='lat' dir='ltr'>sit</span> <span class='ocrx_word' id='word_1_74' title='bbox 523 1333 612 1396; x_wconf 89' lang='lat' dir='ltr'>nulla</span> <span class='ocrx_word' id='word_1_75' title='bbox 626 1332 735 1397; x_wconf 89' lang='lat' dir='ltr'>Venus</span> <span class='ocrx_word' id='word_1_76' title='bbox 740 1383 750 1416; x_wconf 90' lang='lat'><strong><em>,</em></strong></span> <span class='ocrx_word' id='word_1_77' title='bbox 773 1333 828 1398; x_wconf 90' lang='lat' dir='ltr'>sed</span> <span class='ocrx_word' id='word_1_78' title='bbox 848 1298 921 1418; x_wconf 90' lang='lat' dir='ltr'>lege</span> <span class='ocrx_word' id='word_1_79' title='bbox 943 1332 1075 1417; x_wconf 88' lang='lat' dir='ltr'>Dianae,</span> 
     </span>
     <span class='ocr_line' id='line_1_14' title="bbox 127 1417 888 1501; baseline -0.001 -19"><span class='ocrx_word' id='word_1_80' title='bbox 127 1432 161 1482; x_wconf 83' lang='lat'>20</span> <span class='ocrx_word' id='word_1_81' title='bbox 218 1417 312 1482; x_wconf 74' lang='lat' dir='ltr'>(laste</span> <span class='ocrx_word' id='word_1_82' title='bbox 333 1438 428 1500; x_wconf 87' lang='lat' dir='ltr'>puer,</span> <span class='ocrx_word' id='word_1_83' title='bbox 451 1419 538 1479; x_wconf 86' lang='lat' dir='ltr'>casta</span> <span class='ocrx_word' id='word_1_84' title='bbox 558 1418 638 1479; x_wconf 88' lang='lat' dir='ltr'>retia</span> <span class='ocrx_word' id='word_1_85' title='bbox 659 1420 756 1501; x_wconf 87' lang='lat' dir='ltr'>tange</span> <span class='ocrx_word' id='word_1_86' title='bbox 777 1439 888 1481; x_wconf 88' lang='lat' dir='ltr'>manu:</span> 
     </span>
     <span class='ocr_line' id='line_1_15' title="bbox 176 1501 986 1584; baseline 0 -20"><span class='ocrx_word' id='word_1_87' title='bbox 176 1501 222 1564; x_wconf 84' lang='lat' dir='ltr'>Et</span> <span class='ocrx_word' id='word_1_88' title='bbox 245 1520 459 1583; x_wconf 86' lang='lat' dir='ltr'>quaecumque</span> <span class='ocrx_word' id='word_1_89' title='bbox 480 1520 552 1562; x_wconf 92' lang='lat' dir='ltr'>meo</span> <span class='ocrx_word' id='word_1_90' title='bbox 574 1501 684 1563; x_wconf 87' lang='lat' dir='ltr'>furtim</span> <span class='ocrx_word' id='word_1_91' title='bbox 707 1501 850 1584; x_wconf 75' lang='lat' dir='ltr'>subrepit</span> <span class='ocrx_word' id='word_1_92' title='bbox 871 1502 986 1584; x_wconf 88' lang='lat' dir='ltr'>amori,</span> 
     </span>
     <span class='ocr_line' id='line_1_16' title="bbox 222 1582 844 1665; baseline 0 -18"><span class='ocrx_word' id='word_1_93' title='bbox 222 1582 347 1647; x_wconf 89' lang='lat' dir='ltr'>Inoidat</span> <span class='ocrx_word' id='word_1_94' title='bbox 368 1583 402 1645; x_wconf 91' lang='lat' dir='ltr'>in</span> <span class='ocrx_word' id='word_1_95' title='bbox 424 1603 532 1645; x_wconf 87' lang='lat' dir='ltr'>saevas</span> <span class='ocrx_word' id='word_1_96' title='bbox 555 1582 731 1665; x_wconf 83' lang='lat' dir='ltr'>diripienda</span> <span class='ocrx_word' id='word_1_97' title='bbox 752 1583 844 1647; x_wconf 84' lang='lat' dir='ltr'>feras.</span> 
     </span>
     <span class='ocr_line' id='line_1_17' title="bbox 179 1665 922 1749; baseline -0.001 -19"><span class='ocrx_word' id='word_1_98' title='bbox 179 1668 227 1730; x_wconf 84' lang='lat' dir='ltr'>At</span> <span class='ocrx_word' id='word_1_99' title='bbox 248 1670 284 1729; x_wconf 88' lang='lat' dir='ltr'>tu</span> <span class='ocrx_word' id='word_1_100' title='bbox 305 1666 441 1729; x_wconf 85' lang='lat' dir='ltr'>venandi</span> <span class='ocrx_word' id='word_1_101' title='bbox 463 1665 603 1730; x_wconf 90' lang='lat' dir='ltr'>studium</span> <span class='ocrx_word' id='word_1_102' title='bbox 625 1666 762 1729; x_wconf 82' lang='lat' dir='ltr'>concede</span> <span class='ocrx_word' id='word_1_103' title='bbox 782 1668 922 1749; x_wconf 86' lang='lat' dir='ltr'>parenti,</span> 
     </span>
     <span class='ocr_line' id='line_1_18' title="bbox 218 1750 928 1832; baseline 0.001 -20"><span class='ocrx_word' id='word_1_104' title='bbox 218 1750 263 1813; x_wconf 80' lang='lat' dir='ltr'>Et</span> <span class='ocrx_word' id='word_1_105' title='bbox 284 1750 367 1813; x_wconf 91' lang='lat' dir='ltr'>celer</span> <span class='ocrx_word' id='word_1_106' title='bbox 388 1750 423 1813; x_wconf 91' lang='lat' dir='ltr'>in</span> <span class='ocrx_word' id='word_1_107' title='bbox 443 1752 572 1813; x_wconf 91' lang='lat' dir='ltr'>nostros</span> <span class='ocrx_word' id='word_1_108' title='bbox 593 1750 661 1832; x_wconf 89' lang='lat' dir='ltr'>ipse</span> <span class='ocrx_word' id='word_1_109' title='bbox 682 1770 808 1813; x_wconf 86' lang='lat' dir='ltr'>recurre</span> <span class='ocrx_word' id='word_1_110' title='bbox 831 1750 928 1813; x_wconf 91' lang='lat' dir='ltr'>sinus.</span> 
     </span>
    </p>
   </div>
   <div class='ocr_carea' id='block_1_4' title="bbox 551 1963 633 2038">
    <p class='ocr_par' dir='ltr' id='par_1_4' title="bbox 551 1963 633 2038">
     <span class='ocr_line' id='line_1_19' title="bbox 551 1963 633 2038; baseline 0.024 -2"><span class='ocrx_word' id='word_1_111' title='bbox 551 1963 633 2038; x_wconf 93' lang='grc' dir='ltr'><strong>ΙΠΙ.</strong></span> 
     </span>
    </p>
   </div>
   <div class='ocr_carea' id='block_1_5' title="bbox 131 2086 1077 3428">
    <p class='ocr_par' dir='ltr' id='par_1_5' title="bbox 131 2086 1077 3428">
     <span class='ocr_line' id='line_1_20' title="bbox 176 2086 1002 2171; baseline -0.002 -18"><span class='ocrx_word' id='word_1_112' title='bbox 176 2087 249 2153; x_wconf 92' lang='lat' dir='ltr'>Huc</span> <span class='ocrx_word' id='word_1_113' title='bbox 271 2089 345 2153; x_wconf 87' lang='lat' dir='ltr'>ades</span> <span class='ocrx_word' id='word_1_114' title='bbox 368 2091 400 2152; x_wconf 88' lang='lat' dir='ltr'>et</span> <span class='ocrx_word' id='word_1_115' title='bbox 420 2089 547 2151; x_wconf 89' lang='lat' dir='ltr'>tenerae</span> <span class='ocrx_word' id='word_1_116' title='bbox 569 2087 696 2151; x_wconf 91' lang='lat' dir='ltr'>morbos</span> <span class='ocrx_word' id='word_1_117' title='bbox 718 2086 841 2170; x_wconf 83' lang='lat' dir='ltr'>expelle</span> <span class='ocrx_word' id='word_1_118' title='bbox 861 2087 1002 2171; x_wconf 87' lang='lat' dir='ltr'>puellae,</span> 
     </span>
     <span class='ocr_line' id='line_1_21' title="bbox 218 2170 979 2257; baseline -0.003 -20"><span class='ocrx_word' id='word_1_119' title='bbox 218 2173 291 2238; x_wconf 89' lang='lat' dir='ltr'>Huc</span> <span class='ocrx_word' id='word_1_120' title='bbox 312 2173 403 2257; x_wconf 87' lang='lat' dir='ltr'>ades,</span> <span class='ocrx_word' id='word_1_121' title='bbox 426 2172 555 2235; x_wconf 91' lang='lat' dir='ltr'>intonsa</span> <span class='ocrx_word' id='word_1_122' title='bbox 576 2170 704 2236; x_wconf 90' lang='lat' dir='ltr'>Phoebe</span> <span class='ocrx_word' id='word_1_123' title='bbox 727 2171 860 2254; x_wconf 86' lang='lat' dir='ltr'>superbe</span> <span class='ocrx_word' id='word_1_124' title='bbox 881 2193 979 2236; x_wconf 89' lang='lat' dir='ltr'>coma.</span> 
     </span>
     <span class='ocr_line' id='line_1_22' title="bbox 177 2254 1077 2341; baseline -0.006 -19"><span class='ocrx_word' id='word_1_125' title='bbox 177 2256 279 2322; x_wconf 80' lang='lat' dir='ltr'>Orode</span> <span class='ocrx_word' id='word_1_126' title='bbox 293 2257 387 2341; x_wconf 88' lang='lat' dir='ltr'>mihi,</span> <span class='ocrx_word' id='word_1_127' title='bbox 408 2278 559 2341; x_wconf 90' lang='lat' dir='ltr'>propera:</span> <span class='ocrx_word' id='word_1_128' title='bbox 581 2277 641 2320; x_wconf 91' lang='lat' dir='ltr'>nec</span> <span class='ocrx_word' id='word_1_129' title='bbox 653 2258 686 2320; x_wconf 91' lang='lat' dir='ltr'>te</span> <span class='ocrx_word' id='word_1_130' title='bbox 701 2256 778 2339; x_wconf 88' lang='lat' dir='ltr'>iam,</span> <span class='ocrx_word' id='word_1_131' title='bbox 794 2254 938 2338; x_wconf 89' lang='lat' dir='ltr'>Phoebe,</span> <span class='ocrx_word' id='word_1_132' title='bbox 953 2254 1077 2338; x_wconf 79' lang='lat' dir='ltr'>pigebit</span> 
     </span>
     <span class='ocr_line' id='line_1_23' title="bbox 219 2340 906 2423; baseline -0.006 -17"><span class='ocrx_word' id='word_1_133' title='bbox 219 2341 391 2406; x_wconf 83' lang='lat' dir='ltr'>Formosae</span> <span class='ocrx_word' id='word_1_134' title='bbox 412 2341 550 2405; x_wconf 88' lang='lat' dir='ltr'>medicas</span> <span class='ocrx_word' id='word_1_135' title='bbox 573 2340 763 2423; x_wconf 89' lang='lat' dir='ltr'>adplicuisse</span> <span class='ocrx_word' id='word_1_136' title='bbox 783 2361 906 2403; x_wconf 88' lang='lat' dir='ltr'>manus.</span> 
     </span>
     <span class='ocr_line' id='line_1_24' title="bbox 145 2424 935 2506; baseline -0.003 -19"><span class='ocrx_word' id='word_1_137' title='bbox 145 2425 279 2489; x_wconf 79' lang='lat' dir='ltr'>oEffice</span> <span class='ocrx_word' id='word_1_138' title='bbox 299 2446 341 2493; x_wconf 88' lang='lat' dir='ltr'>ne</span> <span class='ocrx_word' id='word_1_139' title='bbox 362 2425 480 2488; x_wconf 90' lang='lat' dir='ltr'>macies</span> <span class='ocrx_word' id='word_1_140' title='bbox 501 2424 658 2506; x_wconf 88' lang='lat' dir='ltr'>pallentes</span> <span class='ocrx_word' id='word_1_141' title='bbox 681 2425 814 2506; x_wconf 90' lang='lat' dir='ltr'>occupet</span> <span class='ocrx_word' id='word_1_142' title='bbox 835 2426 935 2504; x_wconf 87' lang='lat' dir='ltr'>artus,</span> 
     </span>
     <span class='ocr_line' id='line_1_25' title="bbox 219 2505 1016 2588; baseline -0.006 -15"><span class='ocrx_word' id='word_1_143' title='bbox 219 2508 292 2573; x_wconf 91' lang='lat' dir='ltr'>Neu</span> <span class='ocrx_word' id='word_1_144' title='bbox 312 2512 405 2572; x_wconf 90' lang='lat' dir='ltr'>notet</span> <span class='ocrx_word' id='word_1_145' title='bbox 425 2508 572 2571; x_wconf 87' lang='lat' dir='ltr'>informis</span> <span class='ocrx_word' id='word_1_146' title='bbox 595 2506 728 2570; x_wconf 86' lang='lat' dir='ltr'>candida</span> <span class='ocrx_word' id='word_1_147' title='bbox 749 2505 891 2569; x_wconf 89' lang='lat' dir='ltr'>membra</span> <span class='ocrx_word' id='word_1_148' title='bbox 913 2506 1016 2588; x_wconf 83' lang='lat' dir='ltr'>color,</span> 
     </span>
     <span class='ocr_line' id='line_1_26' title="bbox 177 2588 1075 2675; baseline -0.004 -19"><span class='ocrx_word' id='word_1_149' title='bbox 177 2592 222 2655; x_wconf 75' lang='lat' dir='ltr'>nr</span> <span class='ocrx_word' id='word_1_150' title='bbox 236 2592 454 2675; x_wconf 90' lang='lat' dir='ltr'>quodcumque</span> <span class='ocrx_word' id='word_1_151' title='bbox 469 2591 576 2653; x_wconf 89' lang='lat' dir='ltr'>malist</span> <span class='ocrx_word' id='word_1_152' title='bbox 591 2593 623 2653; x_wconf 90' lang='lat' dir='ltr'>et</span> <span class='ocrx_word' id='word_1_153' title='bbox 644 2589 796 2673; x_wconf 89' lang='lat' dir='ltr'>quidquid</span> <span class='ocrx_word' id='word_1_154' title='bbox 810 2588 901 2653; x_wconf 86' lang='lat' dir='ltr'>triste</span> <span class='ocrx_word' id='word_1_155' title='bbox 915 2589 1075 2671; x_wconf 86' lang='lat' dir='ltr'>timemus,</span> 
     </span>
     <span class='ocr_line' id='line_1_27' title="bbox 220 2672 935 2759; baseline -0.003 -21"><span class='ocrx_word' id='word_1_156' title='bbox 220 2676 261 2738; x_wconf 90' lang='lat' dir='ltr'>ln</span> <span class='ocrx_word' id='word_1_157' title='bbox 281 2676 414 2759; x_wconf 87' lang='lat' dir='ltr'>pelagus</span> <span class='ocrx_word' id='word_1_158' title='bbox 436 2673 556 2756; x_wconf 89' lang='lat' dir='ltr'>rapidis</span> <span class='ocrx_word' id='word_1_159' title='bbox 578 2672 691 2737; x_wconf 90' lang='lat' dir='ltr'>evehat</span> <span class='ocrx_word' id='word_1_160' title='bbox 712 2673 813 2735; x_wconf 88' lang='lat' dir='ltr'>amnis</span> <span class='ocrx_word' id='word_1_161' title='bbox 836 2674 935 2756; x_wconf 86' lang='lat' dir='ltr'>aquis.</span> 
     </span>
     <span class='ocr_line' id='line_1_28' title="bbox 180 2756 1077 2840; baseline -0.004 -17"><span class='ocrx_word' id='word_1_162' title='bbox 180 2758 305 2839; x_wconf 82' lang='lat' dir='ltr'>Sancte,</span> <span class='ocrx_word' id='word_1_163' title='bbox 327 2758 410 2840; x_wconf 88' lang='lat' dir='ltr'>veni,</span> <span class='ocrx_word' id='word_1_164' title='bbox 432 2761 599 2838; x_wconf 90' lang='lat' dir='ltr'>tecumque</span> <span class='ocrx_word' id='word_1_165' title='bbox 613 2758 706 2838; x_wconf 87' lang='lat' dir='ltr'>feras,</span> <span class='ocrx_word' id='word_1_166' title='bbox 729 2756 918 2838; x_wconf 90' lang='lat' dir='ltr'>quicumque</span> <span class='ocrx_word' id='word_1_167' title='bbox 938 2777 1077 2839; x_wconf 71' lang='lat' dir='ltr'>saporeS,</span> 
     </span>
     <span class='ocr_line' id='line_1_29' title="bbox 131 2839 1008 2923; baseline -0.003 -18"><span class='ocrx_word' id='word_1_168' title='bbox 131 2856 163 2905; x_wconf 81' lang='grc' dir='ltr'>ιο</span> <span class='ocrx_word' id='word_1_169' title='bbox 220 2841 417 2923; x_wconf 81' lang='lat' dir='ltr'>Quicumque</span> <span class='ocrx_word' id='word_1_170' title='bbox 440 2844 472 2904; x_wconf 88' lang='lat' dir='ltr'>et</span> <span class='ocrx_word' id='word_1_171' title='bbox 493 2844 604 2903; x_wconf 89' lang='lat' dir='ltr'>cantus</span> <span class='ocrx_word' id='word_1_172' title='bbox 627 2861 762 2923; x_wconf 88' lang='lat' dir='ltr'>corpora</span> <span class='ocrx_word' id='word_1_173' title='bbox 781 2839 866 2903; x_wconf 77' lang='lat' dir='ltr'>fessa</span> <span class='ocrx_word' id='word_1_174' title='bbox 886 2839 1008 2902; x_wconf 87' lang='lat' dir='ltr'>levant:</span> 
     </span>
     <span class='ocr_line' id='line_1_30' title="bbox 179 2923 1011 3006; baseline -0.002 -17"><span class='ocrx_word' id='word_1_175' title='bbox 179 2926 251 2990; x_wconf 92' lang='lat' dir='ltr'>Neu</span> <span class='ocrx_word' id='word_1_176' title='bbox 272 2925 419 2988; x_wconf 86' lang='lat' dir='ltr'>iuvenem</span> <span class='ocrx_word' id='word_1_177' title='bbox 440 2927 567 3006; x_wconf 87' lang='lat' dir='ltr'>torque,</span> <span class='ocrx_word' id='word_1_178' title='bbox 590 2927 656 2987; x_wconf 90' lang='lat' dir='ltr'>met</span> <span class='ocrx_word' id='word_1_179' title='bbox 681 2925 703 2987; x_wconf 86' lang='lat' dir='ltr'>&#39;t</span> <span class='ocrx_word' id='word_1_180' title='bbox 726 2923 780 3005; x_wconf 92' lang='lat' dir='ltr'>qui</span> <span class='ocrx_word' id='word_1_181' title='bbox 800 2923 867 2986; x_wconf 89' lang='lat' dir='ltr'>fata</span> <span class='ocrx_word' id='word_1_182' title='bbox 886 2923 1011 3006; x_wconf 90' lang='lat' dir='ltr'>puellae</span> 
     </span>
     <span class='ocr_line' id='line_1_31' title="bbox 221 3006 997 3092; baseline -0.001 -20"><span class='ocrx_word' id='word_1_183' title='bbox 221 3008 368 3090; x_wconf 86' lang='lat' dir='ltr'>Votaque</span> <span class='ocrx_word' id='word_1_184' title='bbox 390 3029 448 3092; x_wconf 89' lang='lat' dir='ltr'>pro</span> <span class='ocrx_word' id='word_1_185' title='bbox 472 3007 600 3070; x_wconf 88' lang='lat' dir='ltr'>domina</span> <span class='ocrx_word' id='word_1_186' title='bbox 621 3008 675 3071; x_wconf 85' lang='lat' dir='ltr'>vix</span> <span class='ocrx_word' id='word_1_187' title='bbox 695 3006 891 3070; x_wconf 90' lang='lat' dir='ltr'>numeranda</span> <span class='ocrx_word' id='word_1_188' title='bbox 911 3007 997 3071; x_wconf 80' lang='lat' dir='ltr'>facit.</span> 
     </span>
     <span class='ocr_line' id='line_1_32' title="bbox 179 3090 1035 3176; baseline -0.002 -20"><span class='ocrx_word' id='word_1_189' title='bbox 179 3092 344 3157; x_wconf 81' lang='lat' dir='ltr'>Interdum</span> <span class='ocrx_word' id='word_1_190' title='bbox 362 3095 471 3175; x_wconf 81' lang='lat' dir='ltr'>vovet,</span> <span class='ocrx_word' id='word_1_191' title='bbox 493 3091 666 3174; x_wconf 82' lang='lat' dir='ltr'>interdum,</span> <span class='ocrx_word' id='word_1_192' title='bbox 689 3090 774 3174; x_wconf 93' lang='lat' dir='ltr'>quod</span> <span class='ocrx_word' id='word_1_193' title='bbox 795 3092 946 3176; x_wconf 82' lang='lat' dir='ltr'>langueat</span> <span class='ocrx_word' id='word_1_194' title='bbox 966 3090 1035 3175; x_wconf 86' lang='lat' dir='ltr'>illa,</span> 
     </span>
     <span class='ocr_line' id='line_1_33' title="bbox 222 3175 890 3258; baseline -0.001 -18"><span class='ocrx_word' id='word_1_195' title='bbox 222 3176 310 3242; x_wconf 90' lang='lat' dir='ltr'>Dicit</span> <span class='ocrx_word' id='word_1_196' title='bbox 331 3177 366 3241; x_wconf 92' lang='lat' dir='ltr'>in</span> <span class='ocrx_word' id='word_1_197' title='bbox 388 3179 533 3241; x_wconf 89' lang='lat' dir='ltr'>aeternos</span> <span class='ocrx_word' id='word_1_198' title='bbox 556 3196 668 3258; x_wconf 88' lang='lat' dir='ltr'>aspera</span> <span class='ocrx_word' id='word_1_199' title='bbox 688 3175 784 3238; x_wconf 85' lang='lat' dir='ltr'>verba</span> <span class='ocrx_word' id='word_1_200' title='bbox 805 3175 890 3239; x_wconf 92' lang='lat' dir='ltr'>deos.</span> 
     </span>
     <span class='ocr_line' id='line_1_34' title="bbox 132 3258 1077 3343; baseline 0.003 -21"><span class='ocrx_word' id='word_1_201' title='bbox 132 3274 164 3323; x_wconf 77' lang='lat'>15</span> <span class='ocrx_word' id='word_1_202' title='bbox 179 3261 268 3327; x_wconf 86' lang='lat' dir='ltr'>Pone</span> <span class='ocrx_word' id='word_1_203' title='bbox 288 3264 424 3343; x_wconf 86' lang='lat' dir='ltr'>metum,</span> <span class='ocrx_word' id='word_1_204' title='bbox 447 3258 613 3324; x_wconf 81' lang='lat' dir='ltr'>Cerintho:</span> <span class='ocrx_word' id='word_1_205' title='bbox 636 3259 712 3324; x_wconf 86' lang='lat' dir='ltr'>deus</span> <span class='ocrx_word' id='word_1_206' title='bbox 734 3280 800 3322; x_wconf 90' lang='lat' dir='ltr'>non</span> <span class='ocrx_word' id='word_1_207' title='bbox 814 3258 912 3323; x_wconf 89' lang='lat' dir='ltr'>laedit</span> <span class='ocrx_word' id='word_1_208' title='bbox 926 3263 1077 3325; x_wconf 88' lang='lat' dir='ltr'>amantes.</span> 
     </span>
     <span class='ocr_line' id='line_1_35' title="bbox 223 3343 999 3428; baseline -0.003 -18"><span class='ocrx_word' id='word_1_209' title='bbox 223 3346 272 3410; x_wconf 86' lang='lat' dir='ltr'>Tu</span> <span class='ocrx_word' id='word_1_210' title='bbox 292 3345 388 3410; x_wconf 92' lang='lat' dir='ltr'>modo</span> <span class='ocrx_word' id='word_1_211' title='bbox 412 3364 536 3428; x_wconf 86' lang='lat' dir='ltr'>semper</span> <span class='ocrx_word' id='word_1_212' title='bbox 557 3366 642 3408; x_wconf 88' lang='lat' dir='ltr'>arna:</span> <span class='ocrx_word' id='word_1_213' title='bbox 665 3343 752 3407; x_wconf 88' lang='lat' dir='ltr'>salva</span> <span class='ocrx_word' id='word_1_214' title='bbox 772 3344 879 3426; x_wconf 90' lang='lat' dir='ltr'>puella</span> <span class='ocrx_word' id='word_1_215' title='bbox 899 3344 999 3409; x_wconf 89' lang='lat' dir='ltr'>tibist.</span> 
     </span>
    </p>
   </div>
   <div class='ocr_carea' id='block_1_6' title="bbox 131 3427 974 3597">
    <p class='ocr_par' dir='ltr' id='par_1_6' title="bbox 131 3427 974 3597">
     <span class='ocr_line' id='line_1_36' title="bbox 131 3427 974 3513; baseline 0.001 -23"><span class='ocrx_word' id='word_1_216' title='bbox 131 3444 164 3490; x_wconf 75' lang='lat'>21</span> <span class='ocrx_word' id='word_1_217' title='bbox 179 3429 236 3495; x_wconf 91' lang='lat' dir='ltr'>Nil</span> <span class='ocrx_word' id='word_1_218' title='bbox 258 3451 338 3513; x_wconf 88' lang='lat' dir='ltr'>opus</span> <span class='ocrx_word' id='word_1_219' title='bbox 361 3431 410 3494; x_wconf 91' lang='lat' dir='ltr'>est</span> <span class='ocrx_word' id='word_1_220' title='bbox 429 3429 521 3493; x_wconf 88' lang='lat' dir='ltr'>fletu:</span> <span class='ocrx_word' id='word_1_221' title='bbox 543 3427 682 3492; x_wconf 87' lang='lat' dir='ltr'>lacrimis</span> <span class='ocrx_word' id='word_1_222' title='bbox 704 3427 765 3491; x_wconf 91' lang='lat' dir='ltr'>erit</span> <span class='ocrx_word' id='word_1_223' title='bbox 786 3428 890 3511; x_wconf 89' lang='lat' dir='ltr'>aptius</span> <span class='ocrx_word' id='word_1_224' title='bbox 912 3429 974 3510; x_wconf 90' lang='lat' dir='ltr'>uti,</span> 
     </span>
     <span class='ocr_line' id='line_1_37' title="bbox 132 3510 834 3597; baseline 0.003 -22"><span class='ocrx_word' id='word_1_225' title='bbox 132 3528 165 3575; x_wconf 75' lang='lat' dir='ltr'>aa</span> <span class='ocrx_word' id='word_1_226' title='bbox 224 3512 259 3577; x_wconf 83' lang='lat' dir='ltr'>Si</span> <span class='ocrx_word' id='word_1_227' title='bbox 281 3513 407 3597; x_wconf 86' lang='lat' dir='ltr'>quando</span> <span class='ocrx_word' id='word_1_228' title='bbox 430 3513 527 3577; x_wconf 77' lang='lat' dir='ltr'>fuerit</span> <span class='ocrx_word' id='word_1_229' title='bbox 547 3512 669 3577; x_wconf 87' lang='lat' dir='ltr'>tristior</span> <span class='ocrx_word' id='word_1_230' title='bbox 690 3510 745 3575; x_wconf 89' lang='lat' dir='ltr'>illa</span> <span class='ocrx_word' id='word_1_231' title='bbox 766 3512 834 3577; x_wconf 84' lang='lat' dir='ltr'>tibi.</span> 
     </span>
    </p>
   </div>
   <div class='ocr_carea' id='block_1_7' title="bbox 0 0 1167 3922">
    <p class='ocr_par' dir='ltr' id='par_1_7' title="bbox 0 0 1167 3922">
     <span class='ocr_line' id='line_1_38' title="bbox 0 0 1167 3922; baseline 0 0"><span class='ocrx_word' id='word_1_232' title='bbox 0 0 1167 3922; x_wconf 95' lang='lat' dir='ltr'> </span> 
     </span>
    </p>
   </div>
  </div>
 </body>
</html>
