2302 3922
93 238 114 300 6

369 231 562 294 carnuti
591 229 723 292 CARM.
747 239 774 294 7.
793 239 821 294 8⁶

197 399 307 464 Valles
327 400 449 478 dicere,
469 419 527 460 nec
549 406 654 459 tacere
668 417 791 480 posses.

197 487 314 550 Verum
335 487 439 546 nescio
462 483 536 562 quid
556 483 735 543 febriculosi

156 583 173 633 5
196 571 299 632 Scorti
322 569 441 647 diligis:
463 569 522 628 lroe
542 566 640 648 pudet
660 567 762 628 fateri.

197 655 273 716 Nam
291 660 324 714 te
344 671 406 713 nun
427 651 532 713 viduas
552 654 656 712 iacere
678 657 786 712 noctes

156 765 162 772 ·
198 739 407 817 Nequicquam
427 739 553 797 tacitum
575 735 677 797 cubile
699 734 810 796 clamat

199 823 299 883 Sertis
321 842 355 882 au
377 822 467 902 Syrio
488 821 628 899 fragrans
650 819 746 894 olivo

198 904 406 986 Pulvinusque
427 924 584 987 peraeque
607 911 640 965 et
660 905 711 965 hic
732 904 766 964 et
785 903 841 964 ille
968 938 974 951 ι

144 1000 179 1053 10
197 991 348 1069 Attritus‚
367 988 555 1068 tremulique
578 1009 685 1068 quassa
705 986 782 1049 lecti

199 1075 362 1154 Argutatio
381 1073 651 1154 inambulatioque

89 1172 95 1187 “
180 1157 310 1219 *Nam
299 1179 333 1220 ιιι
352 1161 413 1219 ista
433 1156 593 1239 praevalet
613 1157 691 1218 nihil
712 1163 826 1218 tacere.
942 1210 944 1220 .

201 1244 287 1305 Cur?
308 1263 371 1303 non
391 1249 454 1302 tam
473 1241 574 1302 latera
595 1243 733 1303 ecfututa
753 1239 884 1322 pandas,

199 1329 258 1388 Nei
275 1331 311 1386 tu
332 1325 406 1405 quid
426 1325 521 1386 facias
542 1327 737 1407 ineptiarum.

145 1421 178 1473 15
199 1412 318 1488 Quare,
340 1408 487 1489 quicquid
508 1410 603 1470 habes
625 1410 699 1469 boni
720 1407 870 1486 malique,

200 1495 257 1554 Dic
278 1495 376 1553 uobis.
403 1492 527 1553 volate
549 1513 584 1552 aa
605 1498 675 1552 tuos
694 1509 813 1552 amores
870 1498 872 1501 '

104 1592 106 1599 ’
200 1577 251 1639 Ad
272 1575 390 1638 caelum
409 1575 518 1658 lepido
538 1595 649 1636 vocare
670 1594 770 1636 versu.

495 1773 498 1781 ’
559 1785 636 1850 VH.

202 1872 354 1985 Quaeris,
377 1914 451 1989 quot
470 1909 547 1970 mihi
564 1909 751 1969 bassiatione
793 1939 795 1942 ·

203 1991 307 2069 Tuae,
329 1992 456 2071 Lesbia,
478 1994 541 2054 sint
561 1995 634 2053 satis
657 2008 823 2074 superque.

204 2076 301 2152 Quam
318 2095 443 2155 magnus
464 2097 610 2138 numerus
630 2077 778 2157 Libyssae
799 2095 911 2137 arenae

201 2160 439 2241 Laserpiciferis
460 2164 541 2223 iacet
560 2163 709 2264 Cyrenis,
775 2197 781 2211 ·
929 2170 932 2175 ’

120 2247 123 2253 ’
167 2255 183 2306 5
205 2244 349 2305 Oraclum
369 2247 446 2307 louis
467 2249 551 2308 inter
572 2247 705 2308 aestuosi

130 2336 133 2343 ’
202 2330 244 2390 Et
264 2331 347 2390 Batti
367 2333 483 2392 veteris
505 2351 623 2392 sacrum
645 2331 834 2411 sepulcrum,

202 2414 265 2473 Aut
287 2434 375 2493 quam
393 2414 496 2475 sidera
515 2414 625 2492 multa,
649 2434 717 2474 cum
737 2420 820 2473 tacet
840 2431 918 2479 nox.

202 2497 346 2557 Furtivos
367 2498 524 2558 hominum
544 2497 651 2558 vident
673 2516 809 2575 amores,
855 2521 859 2536 ·

204 2581 281 2640 Tam
302 2586 335 2640 te
355 2582 438 2640 basia
459 2579 555 2641 multa
574 2583 694 2642 basiare

103 2729 110 2738 ,
148 2675 183 2728 10
203 2665 325 2728 Vesano
348 2665 421 2724 satis
443 2672 476 2724 et
498 2683 590 2745 super
612 2662 736 2726 Catullo
757 2671 815 2742 est,
900 2752 903 2758 Ι

204 2751 289 2827 Quae
311 2766 369 2808 nec
391 2767 611 2829 pernumerare
633 2749 746 2809 curiosi

203 2833 328 2894 Possint
349 2851 408 2892 nec
429 2830 509 2894 mala
529 2833 682 2893 fascinare
703 2829 818 2910 lingua.

553 3040 649 3106 VII'I.

206 3129 309 3226 Miser
331 3163 468 3242 Catulle,
488 3162 610 3224 desinas
630 3162 783 3242 ineptire,

206 3249 248 3308 Et
269 3248 363 3328 quod
371 3247 458 3308 vides
478 3249 598 3329 perisse
618 3245 775 3328 perditum
797 3243 901 3305 ducas.

204 3333 335 3393 Fulsere
357 3324 510 3412 quondam
527 3331 649 3392 candidi
670 3332 729 3392 tibi
750 3329 855 3407 soles,

205 3418 282 3478 Cum
302 3419 473 3478 ventitabas
496 3436 555 3494 quo
576 3414 681 3496 puella
702 3414 835 3474 ducebat

169 3510 186 3562 5
209 3503 315 3562 Amata
334 3501 424 3561 nubis
446 3508 590 3580 quantum
612 3500 761 3559 amabitur
782 3495 875 3560 nulla.

494 3834 535 3885 ,ff
