2302 3922
93 230 137 296 30
157 144 255 210 Q
313 200 316 205 ’
476 234 670 291 erroreum
968 232 1053 305 [1111

158 396 275 463 Nullae
298 399 372 460 sunt
392 396 577 459 inimicitiae
599 396 661 459 nisi
684 396 799 460 amoris
821 394 967 460 acerbae:

199 481 309 563 Ipsum
330 500 381 543 me
403 479 526 564 iugula,
549 479 651 543 lenior
672 479 773 544 hostis
795 501 858 544 ero.

128 576 145 626 0
160 563 296 628 Possum
317 583 377 647 ego
400 562 435 625 in
457 562 586 627 alterius
600 563 767 646 positams
791 566 895 627 eetare
909 561 1051 626 lacerto?

198 646 269 711 Nec
289 667 360 710 mea
381 645 519 728 dicetur,
542 668 621 730 quae
642 647 737 711 modo
784 647 845 711 ‘cta
865 645 987 709 meast?

128 729 195 794 011
265 730 271 743 “
295 751 388 813 saepe
410 729 520 809 duces,
542 731 651 814 magni
674 730 813 794 cecidere
835 729 978 813 tyranni,

109 827 142 875 10
228 817 242 876 t
264 811 393 877 Thebae
415 817 571 878 stetemnt
592 815 717 897 altaque
739 813 834 878 Troia
856 813 925 877 fuit.

129 896 277 961 uOmnia
297 900 479 962 vertuntur:
503 900 586 961 certe
608 901 773 962 vertuntur
795 918 932 961 amores:

199 981 346 1046 Vinceris
368 986 423 1044 aut
443 981 561 1063 vincis,
583 980 661 1046 haec
682 982 718 1045 in
739 1003 846 1045 amore
867 984 977 1044 101001.

99 1078 140 1126 -11
156 1063 289 1129 Munera
311 1067 429 1148 quanta
450 1064 522 1128 dedi
543 1066 594 1128 101
617 1065 721 1148 quaiia
743 1065 882 1129 carmina
903 1065 978 1128 feci!

199 1149 260 1213 llla
280 1153 389 1213 tamen
409 1170 581 1232 numquam
602 1150 705 1213 ferrea
726 1149 806 1212 dixit
829 1150 919 1212 Amo.

157 1231 203 1298 Er
227 1255 245 1297 o
266 1236 333 1297 tam
355 1234 473 1296 multos
494 1234 628 1296 nimium
649 1233 835 1297 temerarius
857 1252 958 1295 annos
964 1279 973 1313 ,

239 1319 353 1400 proba,
377 1338 463 1437 qum*
472 1318 601 1381 tulerim
614 1320 709 1438 tequp
723 1321 871 1400 tuamque
887 1315 1030 1397 domum,

110 1498 141 1547 15
156 1483 372 1568 Ecquandone
394 1484 453 1546 tibi
476 1484 555 1548 liber
568 1449 647 1549 *sum
669 1484 777 1548 visus?
802 1505 844 1546 an
864 1504 962 1566 usque

199 1567 238 1631 In
259 1570 405 1631 nostrum
425 1567 521 1630 iacies
543 1570 639 1632 rerba
661 1569 795 1651 superba
817 1567 935 1650 caput?

514 1777 634 1853 Vlssb.

159 1899 243 1966 Sici
270 1901 331 1964 'tur
352 1901 455 1984 prima
475 1902 609 1966 moriere
632 1904 750 1986 aetate,
772 1901 940 1986 Properti?

200 1983 240 2050 Se
283 2006 420 2068 morere,
443 1986 574 2050 interitu
595 1987 732 2072 gaudeat
753 1987 810 2051 illa
831 1990 895 2050 tuo.

156 2068 308 2155 Exagitet
328 2072 455 2134 nostros
477 2069 604 2153 Manes,
629 2074 766 2135 sectetur
788 2074 820 2135 et
841 2070 982 2151 1111111100,

108 2165 142 2214 10
198 2151 397 2238 Insultetque
419 2154 520 2238 rogis,
543 2155 644 2220 calcet
665 2158 697 2219 et
719 2175 792 2219 ossa
812 2175 891 2218 mea.

159 2235 263 2311 Quid?
285 2259 352 2302 non
366 2239 549 2322 Antigonae
570 2240 692 2303 tumulo
705 2238 857 2303 Boeotius
872 2236 1018 2300 Haemon

202 2320 331 2386 Corruit
351 2323 419 2405 ipse
442 2344 498 2386 suo
521 2323 645 2388 saucius
668 2345 741 2387 ense
763 2324 846 2386 latus

158 2403 203 2468 nt
224 2425 281 2469 sua
303 2427 375 2469 cum
396 2406 529 2469 miserae
551 2407 736 2489 permiscuit
757 2428 829 2471 ossa
849 2405 988 2489 puellae,

202 2486 270 2562 Qua
292 2489 360 2551 sine
383 2488 567 2552 Thebanam
588 2490 690 2554 nollet
710 2491 790 2554 inire
812 2488 964 2553 domum?

110 2582 143 2633 25
160 2568 221 2634 Sed
243 2591 310 2634 non
332 2571 478 2656 effugies:
501 2594 625 2637 mecum
647 2574 792 2637 moriaris
815 2575 956 2657 oportet:

204 2653 275 2718 Hoc
297 2655 408 2719 eodem
429 2656 515 2721 ferro
538 2658 637 2721 stillet
659 2661 790 2739 uterque
812 2677 914 2720 cruor.

162 2737 312 2812 Quamvis
335 2740 397 2802 ista
416 2738 497 2803 mihi
518 2761 604 2804 mors
627 2744 675 2804 est
696 2739 866 2803 inhonesta
886 2740 1008 2820 futura,

202 2820 290 2884 Mors
312 2821 482 2885 inhonesta
525 2823 645 2905 uidem,
668 2826 703 2886 tu
724 2826 859 2885 moriere
880 2825 998 2884 tamen.

159 2904 219 2968 Ille
242 2905 339 2967 etiam
360 2906 491 2988 abrepta
504 2844 654 2970 <desertus
677 2905 812 2988 coniuge
833 2903 976 2967 Achilles

110 3001 145 3050 30
197 2986 327 3052 Cessare
349 2988 384 3051 in
404 2988 506 3053 thecis
527 2990 659 3072 pertulit
681 3011 768 3053 arma
789 3011 853 3052 sua.

159 3070 292 3136 Viderat
311 3071 366 3136 ille
387 3072 422 3135 fu
448 3094 465 3134 a
487 3075 603 3136 stratos
625 3075 660 3136 in
681 3073 788 3137 littore
810 3071 966 3155 1101111100,

203 3156 336 3220 Fervere
359 3160 416 3220 et.
446 3160 572 3220 ectorea
594 3156 713 3221 Dorica
734 3159 837 3220 castra
858 3157 943 3235 face,

160 3239 294 3305 Viderat
314 3241 485 3304 informem
506 3242 607 3305 multa
628 3241 800 3305 Patroclon
822 3263 917 3305 arena

203 3324 390 3389 Porrectum
412 3329 444 3389 et
464 3346 589 3409 sparsas
612 3325 705 3390 caede
727 3326 828 3389 iacere
851 3346 973 3409 comas,

111 3408 277 3473 8001111110
298 3409 471 3475 formosam
492 3413 623 3494 propter
644 3409 789 3474 Briseida
810 3431 937 3493 passus:

204 3493 323 3559 Tantus
345 3495 380 3559 in
402 3498 512 3579 erepto
536 3494 635 3567 saeuit
657 3515 764 3558 amore
787 3494 885 3558 dolor.

95 3794 169 3895 Ὗ.
