2302 3922
137 206 160 271 2
519 214 713 269 PROPERTH

244 376 343 441 Posse
365 376 516 458 Cytaines
538 375 651 440 ducere
674 377 877 441 carminibus.

153 474 186 522 25
201 464 266 525 Aut
287 481 354 541 vos,
377 460 431 542 qui
454 480 524 523 sero
547 460 672 542 lapsum
693 462 860 543 revocatis,
883 461 988 545 amici,

245 543 393 619 Quaerite
414 564 481 606 non
502 543 572 606 sani
593 544 730 626 pectoris
753 545 877 608 auxilia.

202 626 341 692 Fortiter
362 630 395 690 et
415 627 534 690 ferrum
556 649 666 691 saevos
688 628 845 711 patiemur
866 632 899 692 et
919 629 1022 713 ignes,

245 710 294 775 Sit
315 712 409 775 modo
431 710 561 774 libertas
584 733 662 795 quae
683 712 761 776 velit
781 712 829 775 ira
850 712 946 795 loqui.

203 794 296 859 Ferte
318 817 375 878 per
397 798 554 859 extremas
575 798 689 878 gentes
711 798 744 858 et
765 795 844 859 ferte
866 818 923 879 per
944 796 1060 879 undas,

152 892 187 941 so
244 878 313 954 Qua
333 901 400 944 non
421 879 487 943 ulla
507 900 612 942 meum
633 878 754 942 femina
773 880 861 943 norit
882 880 951 943 iter.

202 962 269 1027 Vos
290 967 461 1045 remanete,
484 963 598 1045 quibus
620 961 707 1026 facili
728 962 804 1026 deus
827 963 939 1027 adnuit
960 985 1048 1047 aure,

245 1046 321 1113 Sitis
343 1049 431 1112 etin
451 1050 522 1111 tuto
544 1067 668 1129 semper
689 1067 796 1111 amore
816 1068 918 1130 pares.

201 1131 241 1197 In
261 1153 313 1195 me
333 1135 445 1197 nostra
466 1130 575 1195 Venus
596 1133 707 1194 noctes
729 1134 853 1195 exercet
874 1152 1007 1214 amaras,

243 1216 288 1280 Et
308 1216 397 1279 nullo
419 1236 535 1278 vacuus
557 1218 700 1298 ternpore
721 1214 797 1278 defit
818 1235 915 1279 amor.

152 1313 185 1362 aa
200 1299 281 1381 Hoc,
296 1320 421 1381 moneo,
435 1300 533 1363 vitate
554 1299 688 1362 malum:
711 1319 767 1362 sua
781 1320 872 1381 quem
896 1319 935 1363 ue
956 1304 1103 1367 moretur

244 1382 336 1465 Oura,
357 1403 459 1465 neque
482 1382 612 1446 adsueto
634 1385 736 1446 mutet
757 1404 863 1446 amore
875 1320 1001 1447 locum.

202 1466 294 1543 Quod
316 1465 415 1547 siquis
437 1464 567 1528 monitis
589 1465 696 1529 tardas
718 1465 888 1529 adverterit
909 1487 1011 1551 aures,

243 1548 316 1613 Heu
338 1547 455 1612 referet
476 1551 593 1631 quanto
617 1549 713 1611 verba
735 1549 843 1613 dolore
864 1552 948 1615 meat

543 1677 693 1684 ——---—-

592 1760 637 1832 H.

200 1883 283 1960 Quid
304 1883 393 1948 iuvat
414 1885 526 1948 ornato
548 1882 727 1966 procedere,
750 1884 824 1965 vita,
849 1885 963 2032 capillo

242 1967 286 2032 Et
306 1971 418 2033 tenues
440 1965 507 2032 Coa
528 1971 614 2032 veste
636 1988 762 2032 movere
784 1968 872 2032 sinus

199 2053 267 2116 Aut
288 2051 364 2135 quid
386 2052 526 2117 Orontea
548 2052 650 2116 crines
671 2052 859 2135 perfundere
881 2074 997 2137 murra,

242 2135 349 2220 Teque
370 2135 548 2220 peregrinis
569 2136 704 2200 vendere
725 2136 918 2218 muneribus,

171 2220 406 2304 uNaturaequs
429 2220 523 2284 decus
545 2222 683 2284 mercato
705 2220 836 2303 perdere
858 2220 947 2285 cultu

241 2304 310 2369 Nec
333 2305 436 2369 sinere
457 2304 492 2368 in
512 2303 651 2387 propriis
672 2304 815 2368 membra
835 2304 937 2368 nitere
958 2304 1076 2369 bonis‘?

200 2388 301 2454 Orode
323 2388 410 2466 mihi,
434 2408 500 2452 non
521 2387 587 2451 ulla
607 2390 712 2452 tuaest
733 2387 890 2452 medicina
911 2388 1047 2473 figurae:

241 2472 355 2539 Nudus
376 2472 479 2536 Amor
499 2471 620 2536 formae
642 2493 708 2535 non
730 2477 816 2536 amat
837 2471 1000 2537 artificem.

199 2557 246 2620 As
270 2557 317 2621 ioe
340 2577 402 2639 quo
425 2555 593 2621 submittat
613 2556 728 2620 humus
748 2558 889 2621 formosa
911 2555 1043 2620 colores.

150 2653 184 2701 10
239 2579 284 2703 ds
304 2639 434 2704 veniant
455 2640 590 2705 hederae
612 2644 725 2724 sponte
748 2662 804 2705 sua
824 2640 947 2722 melius,

199 2722 317 2806 Surgat
338 2725 370 2786 et
391 2723 425 2785 in
447 2724 524 2788 solis
545 2725 670 2789 felicius
692 2725 822 2787 arbutus
844 2722 953 2804 antris,

240 2805 285 2870 Et
306 2806 386 2870 sciat
406 2806 560 2871 indociles
582 2829 706 2871 currere
728 2808 793 2888 lym
816 2805 858 2869 ha
878 2804 956 2869 vias.

198 2890 323 2955 Littera
343 2889 459 2954 nativis
481 2891 665 2974 praelucent
685 2890 772 2973 picta
793 2828 911 2970 dapillis

239 2974 284 3038 Et
304 2974 447 3038 volucres
468 2974 559 3037 nulla
580 2973 702 3037 dulcius
725 2975 791 3034 arte
813 2974 940 3035 canunt.

149 3072 181 3121 15
196 3058 272 3125 Non
294 3058 339 3122 sic
360 3057 529 3141 Leucippis
552 3055 717 3120 succendit
738 3053 871 3120 Castora
891 3054 1030 3141 Phoebe,

239 3141 404 3207 Pollucem
426 3142 511 3207 cultu
532 3162 599 3204 non
620 3138 745 3203 Hilaira
765 3160 864 3223 soror,

197 3225 283 3311 Non,
305 3225 381 3292 ldae
403 3230 435 3292 et
456 3225 568 3309 cupido
591 3222 751 3307 quondam
776 3223 933 3290 discordia
953 3224 1093 3309 Phoebo,

239 3310 343 3375 Eueni
364 3311 476 3394 patriis
496 3309 563 3373 filia
583 3307 740 3391 litoribus,

197 3393 266 3458 Nec
288 3393 465 3477 Phrygium
486 3392 568 3456 falso
590 3392 687 3456 traxit
709 3393 846 3458 candore
867 3394 1016 3458 maritum

147 3489 182 3538 ao
238 3477 360 3542 Avecta
382 3476 520 3542 externis
541 3475 756 3562 Hippodamia
776 3478 870 3562 rotis,

235 3699 365 3894 q
