2302 3922
79 194 166 264 viu]
473 191 581 246 mem
602 190 650 244 111.
704 172 707 177 ’

80 354 128 418 Tu
149 353 260 436 modo,
285 352 360 416 dum
381 351 470 434 licet,
493 372 512 416 o
534 351 672 415 fructum
693 372 734 414 110
757 350 865 414 desere
887 348 979 412 vitae.

122 437 237 501 Omnia
258 437 285 501 01
308 436 430 500 dederis
452 435 575 518 oscula,
597 456 698 518 pauca
720 434 818 498 dabis.
1002 442 1040 493 50

45 533 50 543 '
78 521 127 584 Ac
148 521 245 585 veluti
267 520 346 583 folia
368 522 491 583 arentes
514 519 633 601 liquere
657 519 806 599 corollas,

121 604 207 679 Quae
229 604 348 687 passim
370 603 503 667 calathis
525 605 624 665 strata
644 606 754 666 natare
775 601 863 666 vides
869 650 878 685 ,

78 686 131 752 Sic
151 689 245 750 nobis
251 736 260 769 ,
283 688 338 769 qui
360 708 445 750 nunc
466 707 619 770 magnum
641 687 797 769 spiramus
822 689 980 768 amantes,

118 769 267 834 Forsitan
287 770 429 835 includet
451 770 588 834 crastina
612 769 679 832 fata
701 769 777 833 dies.

486 900 630 910 —-—-

437 955 524 1054 viu
552 983 674 1075 [11111.

76 1104 209 1168 Praetor
231 1103 271 1167 ab
293 1103 429 1186 Illyricis
452 1105 540 1168 venit
561 1105 671 1187 modo,
696 1103 848 1188 Cynthia,
871 1102 979 1186 terris,

118 1188 258 1251 Maxima
279 1187 397 1271 praeda
416 1187 491 1271 tibi,
513 1188 652 1252 maxima
674 1210 747 1252 cura
768 1186 855 1251 mihi.

76 1269 151 1335 Non
172 1272 279 1354 potuit
300 1292 374 1334 saxo
398 1271 495 1334 vitam
516 1272 660 1354 posuisse
683 1271 848 1336 Cerauno?

117 1356 148 1417 A
170 1354 334 1437 Neptune,
357 1355 417 1418 tibi
439 1355 544 1437 qualia
566 1355 649 1419 dona
671 1355 793 1419 darem!

75 1437 171 1502 Nunc
194 1438 262 1501 sine
283 1459 334 1502 1110
356 1439 451 1520 plena
472 1439 554 1502 fiunt
575 1440 719 1503 convivia
740 1460 864 1522 mensa,
1019 1450 1037 1498 ὁ

118 1520 213 1585 Nunc
236 1522 304 1585 sine
326 1543 376 1586 me
398 1525 465 1586 tota
486 1523 582 1586 ianua
603 1527 696 1587 nocte
717 1527 815 1606 patet.

77 1604 200 1688 Quare,
225 1605 253 1668 si
276 1607 375 1688 sapis,
400 1605 522 1670 oblatas
544 1628 585 1670 110
607 1606 714 1672 desere
735 1628 854 1670 messes

117 1688 161 1751 111
183 1688 334 1753 stolidum
352 1690 448 1772 pleno
468 1692 584 1755 vellere
606 1712 698 1775 carpe
719 1712 830 1773 pecus:

75 1770 213 1854 Deinde,
236 1772 292 1837 ubi
315 1778 503 1858 consumpto
525 1775 657 1839 restabit
678 1795 808 1838 munere
829 1793 966 1857 pauper,

117 1854 178 1918 Dic
200 1856 277 1919 alias
299 1857 415 1920 iterum
435 1859 566 1941 naviget
585 1857 720 1940 Illyrias
1002 1867 1037 1916 10

75 1936 213 2020 Cynthia
234 1961 301 2002 non
323 1941 465 2023 sequitur
486 1942 587 2015 fasces
609 1963 669 2005 nec
691 1944 782 2005 curat
801 1940 956 2023 honores,

118 2020 250 2104 Semper
272 2026 449 2087 amatorum
493 2025 626 2089 ondcrat
646 2025 701 2088 illa
723 2025 821 2088 sinus.

73 2105 120 2168 At
140 2108 175 2168 tu
196 2126 282 2170 nunc
302 2110 431 2189 nostro,
485 2129 577 2190 enus,
601 2129 620 2172 0
643 2129 788 2172 0110011110
811 2106 928 2189 dolori,

115 2188 259 2272 Rumpat
279 2193 316 2253 ut
337 2190 476 2255 adsiduis
498 2192 639 2255 membra
660 2191 854 2256 libidinibus.

73 2270 161 2416 Erpo
184 2273 367 2337 muneribus
383 2275 484 2356 quivis
506 2279 663 2340 mercatur
685 2273 846 2339 amorem?
1001 2285 1035 2336 15

132 2357 273 2439 uppiter,
295 2356 429 2440 indigna
449 2380 554 2423 merce
575 2360 682 2442 puella
702 2359 794 2442 perit.
1061 2410 1064 2414 .

74 2437 206 2521 Semper
227 2439 262 2501 in
285 2440 446 2505 Oceanum
467 2443 568 2506 mittit
589 2465 640 2506 me
663 2458 810 2526 quaerere
832 2462 974 2527 gemmas
1074 2448 1077 2452 '

116 2521 160 2585 Et
181 2521 270 2585 iubet
292 2544 330 2585 ex
352 2525 422 2606 ipsa
443 2527 556 2589 tollere
578 2526 662 2590 dona
683 2526 777 2608 Tyro.

72 2605 179 2687 Atque
200 2606 323 2669 utinam
344 2607 464 2673 Romae
486 2630 580 2673 nemo
602 2613 686 2673 00001
707 2609 794 2673 dives
817 2612 849 2672 et
870 2609 939 2692 ipse

115 2687 293 2752 straminea
313 2696 422 2773 posset
444 2693 507 2757 dux
528 2692 671 2757 habitere
694 2695 780 2757 casal
998 2703 1035 2755 20

72 2771 254 2854 Numquam
275 2774 403 2839 venales
426 2779 532 2840 essent
553 2777 593 2840 ad
614 2798 729 2841 munus
751 2776 884 2859 amicae,

114 2854 220 2938 Atque
241 2876 305 2919 una
326 2857 416 2922 fieret
438 2881 517 2924 cana
538 2861 644 2944 puella
666 2860 775 2944 dom03

72 2937 149 3002 Non
171 2939 244 3021 quia
265 2943 412 3023 septenas
433 2947 544 3008 noctes
567 2944 710 3008 seiuncta
731 2944 871 3025 cubaris,

115 3020 257 3086 Candida
278 3026 344 3087 tarn
365 3026 459 3090 foedo
482 3027 611 3091 brachia
631 3028 703 3091 fusa
724 3029 807 3108 viro,

71 3103 148 3169 Non
169 3107 243 3189 quia
264 3109 421 3193 peccaris,
445 3114 546 3175 testor
566 3114 613 3194 tc,
637 3111 693 3175 sed
715 3111 788 3193 quia
809 3109 905 3193 vulgo
998 3121 1034 3170 25

113 3187 275 3253 Formosis
298 3192 410 3256 levitas
433 3215 557 3276 semper
579 3195 680 3258 amica
700 3194 770 3257 fuit.

71 3269 229 3336 Barbarus
252 3276 391 3339 excussis
414 3278 516 3360 agitat
536 3279 672 3362 vestigia
692 3276 810 3340 lumbis

114 3355 158 3419 Et
179 3357 284 3422 subito
307 3359 384 3422 felix
405 3382 491 3425 nunc
512 3383 583 3424 mea
604 3382 703 3444 regna
723 3361 821 3423 tenet.

73 3438 189 3522 Aspice
212 3441 287 3524 quid
310 3441 401 3506 donis
423 3444 580 3527 Eriphyla
604 3443 727 3507 invenit
747 3442 879 3526 amaris,
