2302 3922
68 175 138 243 nn]
458 170 566 225 arana
586 169 635 225 ur

112 335 207 400 Calvo
214 383 222 416 ,
245 337 300 397 tua
321 332 429 415 venia,
451 352 545 415 pace,
568 329 708 412 Catulle,
730 333 794 393 tua.

69 419 163 482 Miles
186 417 338 501 depositis
361 436 500 480 annosus
522 415 651 479 secubat
671 414 766 477 armis
772 463 781 496 ,
1012 423 1030 472 5

113 501 352 583 Grandaevique
373 502 495 583 negant
517 498 630 561 ducere
651 501 754 562 aratra
775 498 890 578 boves,

70 585 176 650 Putris
200 589 231 649 et
252 586 287 647 in
307 605 406 647 vacua
426 581 596 665 requiescit
616 582 706 646 navis
729 603 838 660 arena,

111 669 156 733 Et
176 672 266 732 vetus
288 668 323 731 in
344 667 464 749 templo
486 666 600 730 bellica
621 687 730 748 parma
751 669 855 728 vacat:

70 753 116 816 At
137 774 188 816 me
209 753 249 815 ab
271 772 376 815 amore
397 754 453 813 tuo
476 749 604 813 diducet
623 750 713 812 nulla
734 752 895 831 senectae,

113 836 186 899 Sive
208 857 267 919 ego
289 834 445 898 Tithonus
468 834 533 897 sive
556 854 615 916 ego
636 832 755 898 Nestor
778 853 840 896 ero.
996 844 1030 894 10

70 918 187 982 Nonne
208 919 269 981 fuit
291 919 389 981 satius
411 916 489 980 duro
512 917 628 980 servire
649 920 785 999 tyranno

113 1002 157 1066 Et
177 1023 304 1086 gemere
326 1002 360 1064 in
382 1004 489 1081 tauro,
512 1022 603 1064 saeve
625 1000 753 1083 Perille,
776 999 853 1063 tuo?

72 1085 231 1170 Gorgonis
255 1088 286 1149 et
308 1085 405 1148 satius
427 1084 489 1147 fuit
510 1084 717 1148 obdurescere
738 1082 848 1147 vultu?

113 1168 280 1233 Caucasias
303 1169 398 1231 etiam
419 1168 447 1231 si
467 1170 646 1251 pateremur
667 1166 762 1231 aves?

72 1253 133 1318 Sed
154 1257 262 1317 tamen
284 1252 446 1315 obsistam.
484 1251 598 1315 teritur
618 1251 766 1335 rubigine
787 1272 895 1315 mucro
997 1263 1029 1314 15

112 1336 245 1400 Ferreus
268 1339 300 1399 et
321 1355 419 1416 parvo
442 1356 535 1418 saepe
556 1335 678 1417 liquore
701 1335 793 1398 silex:

70 1420 116 1484 At
136 1421 224 1483 nullo
248 1419 395 1482 dominae
416 1418 528 1481 teritm
549 1419 712 1482 molimine
739 1421 876 1483 amator:

112 1503 225 1566 Restat
246 1506 278 1567 et
299 1502 447 1567 inmerito
468 1502 604 1565 sustinet
624 1524 698 1566 aure
719 1503 833 1566 minas.

71 1585 164 1650 Vltro
188 1588 390 1669 contemptus
410 1589 505 1670 rogat
526 1589 559 1650 et
578 1607 726 1669 peccasse
748 1587 866 1651 fatetur

112 1669 229 1734 Laesus
253 1673 284 1734 et
304 1670 413 1734 invitis
435 1671 503 1754 ipse
524 1669 607 1734 redit
627 1671 770 1755 pedibus.
994 1682 1029 1733 20

71 1753 120 1816 Tu
143 1775 283 1838 quoque,
308 1755 362 1837 qni
383 1755 479 1838 pleno
501 1755 602 1818 fastus
625 1755 763 1819 adsumis
786 1776 907 1838 amore,
1130 1766 1133 1771 '

114 1836 263 1920 Credule,
286 1839 374 1901 nulla
396 1839 449 1902 diu
469 1839 589 1903 femina
610 1839 734 1922 pondus
756 1839 861 1903 habet.

69 1922 124 1986 An
146 1921 312 2004 quisquam
333 1923 368 1985 in
390 1922 502 1986 mediis
524 1923 676 2005 persolvit
696 1926 771 1986 vota
791 1922 939 2005 procellis
946 1970 955 2005 ,

114 2002 195 2069 Cum
217 2026 311 2088 saepe
332 2006 367 2068 in
388 2009 484 2088 portu
504 2006 606 2070 fracta
628 2006 735 2070 carina
755 2005 865 2068 natet?

69 2089 137 2152 Aut
158 2089 246 2170 prius
268 2090 387 2152 infecto
410 2089 553 2172 deposcit
573 2090 713 2172 praemia
736 2111 842 2170 cursu,
995 2100 1029 2151 25

112 2170 254 2254 Septima
275 2194 370 2255 quam
391 2179 510 2237 metam
531 2173 655 2236 triverit
676 2176 749 2237 ante
770 2173 861 2237 rota?

69 2253 239 2319 Mendaces
263 2256 377 2320 ludunt
397 2257 490 2325 flatus
511 2258 547 2320 in
568 2278 675 2321 amore
697 2257 841 2321 secundi:

113 2338 211 2422 Siqua
232 2341 319 2403 venit
341 2343 426 2424 sero,
448 2362 568 2424 magna
588 2341 681 2405 ruina
702 2341 797 2404 venit.

69 2422 119 2486 Tu
139 2426 247 2487 tamen
265 2424 403 2507 interea,
427 2425 570 2507 quamvis
591 2428 624 2489 te
647 2425 849 2521 diligatam,

111 2506 151 2570 ln
172 2508 270 2571 tacito
293 2507 406 2572 cohibe
428 2508 544 2593 gaudia
565 2510 671 2573 clausa
694 2529 774 2572 snm.
994 2522 1029 2572 30

68 2590 215 2672 Namque
237 2591 399 2655 inaniore
421 2614 477 2656 suo
501 2615 625 2676 semper
646 2614 703 2656 sua
722 2591 860 2655 maxima
882 2593 994 2676 cuique

111 2674 294 2756 Nescioquo
316 2679 410 2757 pacto
433 2677 529 2741 verba
550 2698 664 2742 nocere
687 2677 800 2740 solent.

71 2757 220 2831 Quamvis
242 2761 275 2821 te
296 2780 448 2842 persaepe
469 2763 575 2842 vocet,
599 2762 696 2825 semel
716 2761 762 2825 ire
782 2763 957 2825 memento:

111 2840 267 2905 Invidiam
289 2842 373 2925 quod
394 2841 507 2924 habet,
529 2864 597 2907 non
618 2845 701 2908 solet
722 2865 790 2909 esse
813 2845 876 2909 diu.

71 2924 118 2986 At
138 2926 165 2987 si
187 2926 290 2989 saecla
310 2926 418 2991 forent
439 2927 577 3010 antiquis
598 2929 728 3012 †grata
747 2929 880 3013 puellis,
995 2942 1029 2990 35

112 3006 224 3072 Essem
247 3030 306 3094 ego
313 3059 322 3091 ‚
346 3011 431 3093 quod
451 3032 536 3074 nunc
557 3013 607 3076 tu:
631 3015 773 3095 tempore
788 3013 900 3075 vincor
915 3033 984 3096 ego.
1087 3018 1095 3023 ’

70 3089 146 3154 Non
166 3093 274 3156 tamen
295 3094 358 3157 ista
379 3115 467 3158 meos
488 3095 657 3158 mutabunt
677 3096 801 3160 saecula
822 3115 943 3160 mores:

112 3173 202 3239 Vnus
225 3177 356 3259 quisque
378 3200 435 3240 sua
455 3179 581 3242 noverit
601 3178 647 3242 ire
668 3179 728 3242 via.

69 3258 116 3321 At
136 3279 208 3340 vos,
231 3260 285 3343 qui
306 3261 411 3324 officia
432 3261 468 3323 in
488 3262 605 3324 multos
627 3262 782 3326 revocatis
805 3282 942 3345 amores,

114 3341 273 3415 Quantum
295 3344 340 3407 sic
363 3343 483 3407 cruciat
504 3345 624 3408 lumina
645 3348 750 3408 vestra
771 3344 877 3410 dolorl
995 3361 1030 3409 40

69 3424 204 3489 Vidistis
227 3426 322 3508 pleno
344 3430 488 3491 teneram
510 3428 645 3492 candore
665 3428 817 3511 puellam,

119 3527 269 3567 Paornrmvs.
860 3535 878 3583 4
