2302 3922
130 230 172 294 36
513 188 705 286 raornnvn
1040 232 1090 303 [V.

194 394 327 475 Deinde,
342 394 397 457 ubi
413 392 594 474 suppositus
608 392 745 455 cinerem
755 391 1090 473 mefeceritardor,15

235 476 384 558 Accipiat
402 475 513 538 Manes
535 475 664 557 parvola
685 479 767 538 testa
789 497 885 557 meos,

193 560 237 625 Et
258 560 301 623 sit
322 560 357 621 in
379 559 494 641 exiguo
516 558 622 621 laurus
644 579 738 640 super
759 558 865 621 addita
888 558 981 621 busto
987 606 997 639 ,

238 642 324 717 Quae
345 644 435 725 tegat
457 641 589 704 extincti
609 641 729 704 funeris
751 641 862 704 umbra
883 641 1003 722 locum,

146 738 179 789 ³5
193 726 237 790 Et
247 725 308 789 duo
321 726 386 788 sint
396 746 515 807 versus,
529 725 594 806 ‘qui
605 744 690 788 nunc
698 725 780 787 iacet
789 723 918 787 horrida
927 724 1041 807 pulviS,

236 809 337 872 Vnius
359 807 412 872 hic
434 807 592 891 quondam
614 828 721 870 servus
743 807 858 870 amoris
881 810 971 870 erat!
1055 820 1090 869 20

195 893 266 957 Nec
281 893 385 956 minus
400 890 478 955 haec
492 891 595 955 nostri
609 894 753 954 notescet
767 891 853 954 fama
868 889 1035 973 sepulchri,

237 976 339 1052 Quam
360 975 475 1039 florent
496 973 605 1037 Phthii
626 973 726 1037 busta'
742 976 871 1038 cruenta
892 974 961 1037 viri.

196 1060 243 1123 Tu
259 1081 383 1156 quoque
405 1057 571 1140 siquando
593 1057 701 1120 venies
723 1057 762 1120 ad
783 1059 863 1139 fata,
886 1062 1046 1121 memento

147 1156 182 1205 40
237 1143 309 1207 Hoc
331 1146 405 1205 1ter:
429 1141 469 1204 ad
490 1140 611 1223 lapides
635 1162 714 1203 cana
734 1142 807 1205 veni
828 1162 992 1205 memores.

195 1226 322 1290 Interea
344 1246 418 1289 cave
441 1226 484 1287 sis
506 1246 565 1287 nos
588 1227 755 1306 aspernato
778 1225 931 1308 sepultos:
1055 1236 1089 1285 25

238 1308 396 1374 Nonnihil
419 1309 459 1372 ad
480 1330 589 1381 verum
611 1310 738 1374 conscia
759 1311 843 1372 terra
865 1307 955 1390 sapit.

196 1394 301 1475 Atque
316 1393 438 1456 utinam
453 1392 563 1474 primis
579 1392 719 1456 animam
732 1414 783 1455 me
797 1413 914 1475 ponere
930 1391 1018 1454 cunis

238 1475 387 1538 iussisset
408 1480 535 1555 quaevis
558 1474 596 1537 de
618 1476 720 1539 tribus
741 1497 805 1539 una
827 1478 930 1539 soror!

147 1570 180 1618 tt
195 1557 278 1621 Nam
301 1576 362 1638 quo
384 1558 450 1618 tam
472 1556 586 1620 dubiae
609 1562 749 1621 servetur
772 1560 900 1641 spiritus
923 1557 1039 1622 horae?

238 1639 385 1703 Nestoris
407 1642 456 1701 est
476 1640 561 1701 visus
583 1643 657 1722 post
678 1642 740 1704 tria
762 1643 865 1705 saecla
888 1642 982 1704 cinis:
1056 1652 1090 1701 3ο

198 1722 258 1787 Oui
281 1722 308 1783 si
329 1720 502 1804 longaevae
524 1722 691 1785 minuisset
712 1723 778 1786 fata
800 1730 944 1787 senectae

240 1803 379 1867 Gallicus
402 1803 507 1865 Iliacis
530 1803 620 1866 miles
642 1804 676 1866 in
698 1808 877 1888 aggeribus,

197 1887 274 1951 Non
295 1890 349 1949 aut
370 1885 535 1949 Antilochi
555 1886 687 1949 vidisset
708 1908 820 1971 corpus
842 1888 980 1971 humari,

148 1984 182 2033 50
239 1970 368 2034 Diceret
389 1972 443 2032 aut
465 1978 496 2031 ‘o
518 1990 614 2052 mors,
637 1992 692 2034 cur
713 1971 792 2034 mihi
813 1993 882 2034 sera
902 1973 1026 2036 venist'

198 2054 246 2118 Tu
261 2059 368 2119 tamen
382 2053 498 2116 amisso
514 2074 581 2116 non
594 2076 767 2138 numquam
781 2054 870 2118 flebis
886 2056 1003 2120 amico:
1057 2070 1090 2118 35

240 2139 300 2202 Fas
323 2140 372 2201 est
392 2138 580 2220 praeteritos
602 2160 726 2222 semper
746 2160 849 2203 amare
871 2146 965 2204 viros.

199 2222 311 2303 Testis,
335 2221 385 2284 cui
406 2221 535 2285 niveum
557 2224 714 2305 quondam
735 2223 890 2306 percussit
910 2223 1055 2287 Adonem

139 2361 142 2365 .
240 2304 419 2368 Venantem
440 2305 542 2370 Idalio
564 2308 680 2370 vertice
703 2307 797 2370 durus
820 2329 909 2390 aper:

150 2400 183 2449 55
198 2387 266 2451 lllis
288 2388 464 2453 formosum
486 2391 642 2453 vocitasse
665 2390 842 2473 paludibus,
867 2392 941 2454 illuc

240 2471 364 2535 Diceris
387 2473 485 2536 effusa
506 2476 551 2555 tu,
571 2473 689 2554 Venus,
711 2474 773 2537 isse
796 2496 893 2537 coma.
1058 2486 1093 2535 40

199 2554 261 2618 Sed
282 2555 401 2618 frustra
422 2561 527 2621 mutos
549 2557 721 2638 revocabis,
745 2555 891 2639 Cynthia,
913 2555 1037 2619 Manes:

241 2636 325 2700 Nam
347 2659 419 2701 mea
440 2639 516 2721 quid
536 2641 687 2721 poterunt
709 2661 781 2703 ossa
802 2641 924 2703 minuta
946 2639 1055 2721 loqui?

401 2880 406 2887 -
501 2847 552 2916 vr
579 2769 720 2938 [xuup

199 2965 275 3031 Non
296 2965 343 3028 ita
365 2964 525 3029 Dardanio
547 2968 675 3050 gavisus
697 2965 811 3028 Atrida
831 2966 1037 3053 triumphost,

242 3048 323 3112 Cum
345 3048 493 3111 caderent
513 3071 648 3134 magnae
669 3048 892 3115 Laomedontis
915 3073 990 3136 opes
996 3103 1006 3137 ,

199 3132 269 3199 Nec
291 3131 336 3196 sic
359 3152 463 3195 errore
485 3136 595 3195 exacto
617 3133 750 3196 laetatus
765 3132 889 3220 Vlixes,

243 3216 324 3281 Oum
345 3215 452 3299 tetigit
474 3236 562 3280 carae
583 3216 692 3280 littora
711 3216 889 3303 Dulichiae,

174 3300 272 3366 tNec
294 3300 340 3364 sic
361 3299 501 3382 Electra,
525 3301 646 3365 salvum
668 3323 741 3366 cum
762 3304 883 3386 aspexit
906 3305 1054 3389 Oresten,

244 3383 341 3449 Cuius
363 3384 445 3447 falsa
464 3385 575 3448 tenens
597 3385 726 3450 fleverat
748 3407 819 3450 ossa
840 3409 946 3472 soror,

200 3465 269 3531 Neo
292 3468 336 3531 sic
357 3467 547 3534 incolumem
567 3468 686 3535 Minois
708 3469 830 3535 Thesea
850 3472 945 3557 vidit,
