2302 3922
94 235 137 301 30
507 242 658 299 navam.
983 245 1062 317 [1111

198 403 260 468 Illa
281 424 358 468 aava
400 403 514 468 retium
535 403 661 501 ilagitat
681 425 779 551 usque
801 426 907 470 manu.

109 486 353 635 151teNprocul,
409 509 498 570 usae,
522 510 549 551 si
570 509 638 551 non
658 510 716 571 pre

552 571 558 584 θ
741 490 817 553 estis
840 491 978 555 amanti:

157 592 359 719 1111011ἓὲ3
377 574 515 738 lttqtl
533 574 604 719 tt
618 571 880 739 {illuit-{llil
898 575 1009 722 <55th

200 737 384 821 Conplevit‚
406 740 505 803 versis
525 738 617 803 Luna
637 739 774 804 recurrit
793 740 891 823 equis.

158 822 211 885 Ad
232 822 390 886 dominam
414 822 524 887 faciles
551 823 654 887 aditus
703 845 737 887 er
759 824 900 887 carmina
921 846 1056 908 quaero:

107 917 142 967 20
199 905 247 969 lte
291 907 394 990 rocul,
416 905 540 989 Musae,
563 907 590 970 si
611 846 701 969 nihil
714 908 776 971 ista
797 908 912 971 valent.

155 990 187 1053 Α
192 1038 202 1072 ,
224 991 267 1053 m‘
295 991 302 1003 '
318 1012 375 1075 per
390 991 517 1056 caedem
532 993 564 1054 et
577 989 701 1054 facinus
716 995 792 1054 sunt
807 990 890 1054 dona
903 993 1055 1078 paranda,

198 1073 249 1140 Ne
270 1075 390 1138 iaceam
413 1075 551 1139 clausam
571 1074 685 1138 flebilis
708 1078 781 1138 ante
804 1074 947 1140 domum:

156 1158 224 1222 Aut
244 1160 366 1241 rapiam
387 1180 540 1243 suspensa
561 1159 658 1223 sacris
679 1159 819 1242 insignia
839 1158 939 1223 fanis:

200 1241 262 1306 Sed
284 1243 392 1306 Venus
415 1247 488 1307 ante
510 1243 589 1306 alios
612 1245 661 1306 est
682 1243 829 1307 violanda
849 1242 937 1306 mihi.

108 1336 141 1386 25
156 1324 217 1389 Illa
238 1327 357 1389 malum
379 1326 503 1390 facinus
525 1327 635 1391 suadet
662 1326 884 1411 dominamque
906 1348 1052 1410 rapacem

198 1413 259 1472 Dat
280 1408 374 1472 mihi:
397 1410 566 1493 sacrilegas
589 1411 707 1474 sentiat
726 1410 784 1473 illa
804 1431 925 1474 manus.

157 1491 183 1555 0
229 1495 328 1575 ercet,
356 1495 544 1575 quicumque
566 1493 646 1588 legit
666 1494 843 1576 viridesque
866 1496 1052 1580 smaragdos

198 1515 243 1639 tlt
263 1577 388 1639 niveam
410 1575 505 1658 Tyrio
527 1597 646 1640 munce
667 1577 766 1661 tingit
787 1598 887 1642 ovem.

155 1659 241 1723 Hinc
263 1659 317 1723 dat
337 1660 485 1723 avaritiae
507 1681 616 1725 causas
640 1662 672 1724 et
693 1659 760 1725 Ooa
779 1663 894 1746 puellis

107 1755 141 1805 30
197 1741 305 1807 Vestis
327 1746 360 1807 et
381 1766 398 1807 e
419 1743 514 1807 rubro
536 1744 643 1807 lueida
668 1743 788 1809 concha
809 1747 897 1811 mari.

154 1825 244 1891 Haec
266 1827 368 1891 fecere
389 1827 504 1891 malas:
526 1826 602 1891 hinc
624 1829 738 1893 clavim
759 1829 855 1893 ianua
877 1833 977 1896 sensit

195 1910 241 1974 Et
262 1912 366 1994 coepit
387 1915 491 1976 custos
512 1912 632 1976 liminis
655 1933 723 1977 esse
745 1915 842 1979 canis.

155 1992 218 2059 Sed
238 1996 376 2079 pretium
398 1997 426 2060 si
447 1996 567 2081 grande
588 1997 686 2080 feras,
709 1999 852 2064 custodia
873 1999 1001 2083 victast,

195 2077 264 2145 Nec
284 2079 456 2162 prohibent
478 2081 580 2145 claves
586 2131 595 2165 ‚
619 2085 651 2146 et
673 2084 759 2147 canis
781 2085 849 2167 ipse
870 2086 964 2148 tacet.

103 2174 136 2223 35
150 2161 223 2227 Heu
244 2164 432 2249 quicumque
454 2165 541 2230 dedit
561 2166 702 2240 formam
721 2168 863 2232 caelestis
885 2189 1013 2251 avarae,

196 2247 295 2324 Quale
316 2248 436 2315 bonum
457 2251 566 2316 multis
588 2253 696 2316 attulit
716 2252 770 2316 ille
791 2252 896 2316 malis!

151 2331 238 2397 Hinc
258 2333 351 2398 fletus
372 2335 520 2419 rixaeque
543 2339 673 2418 sonant,
698 2335 777 2399 haec
798 2336 932 2418 denique
955 2356 1049 2399 causa

194 2416 284 2481 Fecit
304 2421 341 2482 ut
361 2419 491 2483 infamis
514 2420 561 2483 sic
582 2419 659 2483 deus
681 2422 765 2481 esset
785 2418 894 2481 Amor.

151 2501 197 2564 At
217 2501 294 2584 tibi,
317 2523 396 2584 quae
417 2503 520 2586 pretio
542 2503 644 2565 victos
666 2500 805 2563 excludis
827 2501 983 2580 amantea,

100 2596 136 2646 40
190 2584 339 2668 Eripiunt
358 2590 466 2668 partas
486 2587 600 2649 ventus
622 2588 655 2648 et
674 2584 761 2666 ignis
783 2603 874 2665 opes:

151 2666 236 2742 Quin
256 2670 312 2731 tua
332 2672 401 2732 tum
422 2670 551 2733 iuvenes
574 2669 719 2751 spectent
739 2666 886 2730 incendia
907 2665 996 2747 laeti,

192 2750 261 2815 Nec
283 2752 448 2834 quisquam
469 2751 614 2815 flammae
636 2749 761 2815 sedulus
784 2748 879 2814 addat
900 2771 1022 2832 aquam.

151 2834 214 2901 Seu
235 2834 343 2898 veniet
363 2835 423 2898 tibi
444 2855 544 2917 mors,
566 2854 626 2897 nec
648 2834 709 2897 erit
730 2834 784 2917 qui
805 2833 915 2917 lugeat
935 2834 1033 2917 ullae,

191 2917 262 2984 Nec
283 2918 338 3001 qui
359 2917 413 2981 det
432 2919 568 2981 maestas
590 2939 704 2981 munus
725 2918 760 2981 in
783 2938 839 2981 exe
861 2917 938 2982 uias.

101 3014 134 3065 45
148 3004 195 3066 At
214 3002 300 3066 bona
322 3022 401 3085 quae
422 3022 482 3065 nec
503 3023 597 3065 avara
617 3002 688 3084 fuit,
712 3006 838 3066 centum
868 3001 928 3067 ‘eet
942 3023 1045 3066 annos

193 3086 332 3168 Vixerit,
355 3085 517 3149 ardentem
537 3085 665 3150 flebitur
686 3088 759 3149 ante
780 3106 908 3170 rogum:

150 3173 256 3255 Atque
278 3170 392 3253 aliquis
414 3170 520 3234 senior
540 3172 662 3233 veteres
685 3175 859 3260 veneratus
873 3192 995 3236 amores

192 3257 309 3319 Annua
331 3258 513 3317 constructo
536 3257 620 3317 se1ta
641 3253 730 3318 dabit
750 3254 872 3318 tumulo

150 3340 196 3405 Et
216 3338 330 3402 ‘bene'
354 3338 517 3403 discedens
540 3337 623 3403 dicet
647 3338 848 3421 ‘placideque
870 3339 1030 3422 quiescere,

101 3436 134 3486 50
191 3422 349 3505 Terraque
372 3442 500 3487 securae
522 3424 564 3484 sit
586 3443 679 3505 super
701 3444 774 3486 ossa
795 3422 897 3486 levis!

149 3508 236 3573 Vera
249 3507 376 3591 quidem
390 3526 520 3590 monce,
543 3505 598 3570 sed
616 3511 752 3589 prosunt
766 3506 842 3590 quid
855 3506 934 3571 mihi
949 3504 1044 3570 vera?

178 3693 241 3742 ⁴*

214 3840 256 3910 h
