2302 3922
98 208 224 282 xxm]
506 206 613 260 LIBER
633 205 681 260 111.

141 370 186 434 Et
207 390 274 434 non
295 368 399 433 inflati
421 368 544 432 somnia
566 366 761 432 Callimachi.

99 453 185 520 Nam
207 474 317 517 cursus
340 454 415 516 licet
433 452 543 515 Aetoli
564 451 682 514 referas
704 450 857 531 Acheloi,

141 537 284 601 Fluxerit
305 540 342 600 ut
362 556 481 618 magno
502 538 607 599 tactus
629 555 736 598 amore
758 535 876 616 liquor,

100 621 130 685 A
167 642 206 685 ue
232 621 328 684 etiam
349 623 386 683 ut
406 619 491 702 Phry
518 619 546 682 ‘o
569 618 667 681 fallax
688 617 872 682 Maeandria
894 635 1004 698 campo
1026 627 1058 676 35

172 707 238 768 rrat
259 707 291 768 et
311 705 323 766 i
346 726 381 767 sa
402 724 474 767 suas
519 702 615 785 ccipit
635 701 721 765 unda
742 703 824 784 vias,

100 787 210 864 Qualis
233 791 265 851 ct
286 789 315 851 A
355 786 415 850 asti
437 787 533 850 fuerit
557 785 676 850 vocalis
698 785 814 866 Arion,

142 872 256 935 Tristis
279 870 320 934 ad
340 870 528 934 Archemori
549 870 662 934 funera
684 869 784 933 victor
806 889 917 951 equos:

99 955 176 1021 Non
197 956 324 1039 prosint
344 955 403 1018 tibi
425 954 596 1039 quadrigae
618 954 686 1018 fata
707 951 918 1036 Amphiareae

143 1041 210 1103 Aut
231 1038 372 1121 Capanei
393 1058 511 1122 magno
534 1042 625 1122 grata
646 1037 738 1100 ruina
759 1036 837 1100 Iovi.
1026 1047 1060 1096 40

99 1122 218 1187 Desine
241 1126 273 1186 et
294 1120 472 1204 Aeschyleo
496 1143 675 1205 conponere
697 1120 794 1184 verba
816 1119 986 1200 cothurno,

142 1205 276 1289 Desine,
300 1210 332 1270 et
353 1205 393 1268 ad
414 1205 526 1269 molles
548 1205 691 1270 membra
712 1204 833 1269 resolve
856 1202 978 1266 choros.

99 1289 210 1373 Incipe
232 1290 296 1353 iam
319 1293 454 1373 angusto
477 1311 586 1352 versus
608 1288 756 1352 incudere
777 1292 885 1370 corno,

142 1371 242 1456 Inque
264 1377 335 1438 tuos
357 1375 464 1456 ignes,
488 1372 564 1436 dure
585 1376 695 1455 poeta,
717 1372 799 1436 veni.

100 1457 149 1520 Tu
169 1479 237 1521 non
257 1457 466 1540 Antimacho,
488 1479 555 1520 non
575 1457 674 1520 tutior
694 1455 756 1519 ibis
778 1454 934 1519 Homero:
1026 1466 1059 1515 46

141 1540 286 1625 Despicit
307 1546 340 1606 ct
360 1561 495 1624 magnos
516 1544 603 1604 recta
623 1539 730 1623 puella
751 1540 836 1604 deos.

99 1624 221 1689 Harum
242 1626 331 1689 nulla
354 1626 436 1689 solet
456 1625 613 1689 rationem
636 1644 785 1707 quaerere
807 1623 933 1706 mundi,

140 1708 208 1775 Nec
232 1731 287 1773 cur
307 1710 456 1773 fraternis
478 1708 570 1773 Luna
590 1709 714 1773 laboret
735 1708 840 1792 equiS,
1045 1754 1049 1763 ,

98 1791 167 1858 Nec
189 1794 216 1856 si
237 1798 313 1877 post
334 1793 461 1878 Stygias
484 1793 604 1876 aliquid
624 1792 813 1857 testabimus
835 1791 951 1871 undas,

140 1876 209 1940 Nec
231 1878 258 1939 si
281 1879 425 1956 consulto
447 1877 583 1940 fulmina
604 1877 703 1940 missa
723 1879 846 1939 tonent.

99 1958 161 2023 Sed
182 1980 250 2022 non
271 1962 345 2022 ante
367 1961 457 2042 gravi
477 1964 588 2023 taurus
610 1959 788 2022 succumbit
809 1962 928 2039 aratro,

142 2041 269 2106 Cornua
291 2063 386 2124 quam
407 2042 519 2106 validis
540 2043 679 2106 haeserit
700 2042 734 2116 in
754 2042 890 2126 laqueis,

97 2125 167 2190 Nec
188 2130 224 2189 tu
245 2129 311 2189 tam
334 2125 428 2190 duros
450 2148 507 2209 per
527 2129 566 2190 te.
581 2126 710 2209 patieris
732 2147 870 2190 amores:

140 2210 226 2273 Trux
247 2212 355 2274 tamen
377 2232 395 2273 a
416 2210 509 2274 nobis
532 2212 605 2274 ante
628 2209 803 2274 domandus
825 2209 895 2273 eris.

98 2294 216 2376 Aspice
238 2316 301 2376 me,
326 2294 378 2357 cui
398 2316 495 2377 parva
517 2293 604 2357 domi
624 2294 754 2357 fortuna
774 2293 930 2374 relictast,

139 2376 255 2443 Nullus
279 2380 311 2441 et
332 2379 463 2461 antiquo
486 2377 590 2442 Marte
611 2376 790 2461 triumphus
812 2377 878 2459 avi,

98 2459 144 2524 Vt
163 2482 295 2546 regnem
316 2462 431 2525 mixtas
454 2462 536 2525 inter
559 2463 691 2527 conviva
712 2462 833 2545 puellas

140 2544 210 2607 Hoc
234 2566 309 2630 ego,
334 2567 396 2628 quo
418 2546 478 2609 tibi
499 2567 585 2610 nune
608 2547 727 2628 elevor,
750 2546 890 2630 ingenio.

97 2627 150 2691 Me
172 2629 260 2693 iuvet
280 2629 437 2693 hesternis
459 2630 599 2713 positum
620 2631 772 2714 languere
795 2630 936 2712 corollis,

140 2712 241 2787 Quem
263 2713 370 2810 tetigit
391 2715 475 2778 iactu
498 2716 600 2778 certus
623 2714 662 2777 ad
685 2734 757 2777 ossa
779 2713 870 2796 deus,

97 2797 192 2859 Actia
214 2796 392 2881 Vergihum
415 2798 554 2862 custodis
576 2799 686 2862 littora
707 2796 843 2880 Phoebi,

140 2879 284 2945 Caesaris
307 2885 339 2945 et
359 2882 457 2946 fortes
480 2882 583 2946 dicere
604 2904 698 2966 posse
719 2885 818 2963 rates,

98 2963 159 3038 Qui
181 2986 266 3029 nunc
287 2966 415 3029 Aeneae
437 2965 567 3029 Troiani
589 2967 723 3030 suscitat
744 2988 831 3030 arma

138 3047 226 3110 Iacta
248 3070 287 3111 ue
308 3047 436 3113 Lavinis
459 3050 584 3114 moenia
606 3051 776 3114 littoribus.

97 3129 207 3195 Oedite
259 3133 366 3195 omani
388 3133 573 3216 scriptores,
597 3134 698 3198 cedite
721 3133 812 3197 Grai:

138 3213 332 3297 Nescioquid
354 3217 456 3281 maius
481 3219 622 3281 nascitur
643 3216 753 3281 Iliade.

97 3297 145 3361 Tu
167 3298 253 3360 canis
275 3298 416 3362 umbrosi
439 3300 547 3364 subter
568 3302 678 3384 pineta
700 3299 825 3364 Galaesi

138 3379 277 3463 Thyrsin
299 3385 331 3444 et
352 3382 469 3446 attritis
483 3382 637 3467 Daphnin
657 3383 903 3466 harundinibus,

98 3463 202 3547 thue
225 3465 333 3529 decem
354 3466 480 3549 possint
502 3487 703 3547 eorrumpere
725 3468 809 3531 mala
829 3469 966 3552 puellas,
