2302 3922
73 191 115 255 14
187 247 188 250 ι
289 198 295 205 ’
337 150 684 290 osuuu'mcsnu.
706 197 748 252 so.
766 165 810 251 24.

127 396 129 404 ‹
156 360 306 420 Nimirum
320 357 525 419 idem'omnes
540 356 693 434 fallimur,
713 375 815 436 neque
837 361 886 417 est
905 357 1075 435 quisquam,

157 444 256 518 Quem
276 444 388 502 nonin
407 440 510 521 ulique
530 438 695 501 revidere
717 440 876 501 Suffenum
909 470 911 475 >

99 537 135 590 20
155 527 269 587 Possis.
296 546 367 587 suus
389 527 500 605 cuique
521 526 686 585 attributus
708 530 757 584 est
778 543 884 585 error:
972 593 974 596 ¹

158 611 223 672 Sed
242 630 304 670 non
324 608 480 687 videmus,
503 610 653 669 manticae
675 607 759 689 quod
777 607 811 669 iu
831 616 920 688 tergo
943 612 999 667 est.

509 791 642 855 ΧΧΙΠ.

181 861 302 974 Furei,
324 897 373 957 cui
392 915 495 977 neque
514 915 620 957 servus
643 902 691 962 est
709 914 811 975 neque
834 915 905 955 arca

161 981 244 1042 ,Nec
266 983 365 1042 cimex
385 1000 488 1060 neque
509 998 638 1041 maneus
659 998 762 1059 neque
780 979 875 1059 ignis,

177 1062 295 1129 Verum
311 1073 365 1126 ‘est
385 1071 418 1126 et
438 1071 529 1145 pater
550 1071 583 1137 et
604 1082 752 1142 noverca,
775 1082 903 1144 quornm

177 1150 296 1210 Dentes
317 1147 367 1209 vel
388 1148 508 1210 silicem
530 1167 668 1210 comesse
688 1155 833 1230 possunt,
934 1219 940 1231 ι

144 1245 160 1294 5
180 1235 239 1294 Et
258 1231 389 1314 pulchre
410 1235 469 1293 tibi
490 1253 558 1293 cum
580 1240 633 1293 tuo
654 1239 784 1314 parente

180 1320 222 1379 ut
243 1337 311 1377 cum
333 1318 462 1395 coniuge
483 1315 588 1397 ligneo
607 1317 756 1398 parentis.

179 1402 245 1462 Nec
267 1401 392 1460 mirum:
414 1401 495 1460 bene
516 1420 587 1460 narn
607 1398 717 1460 voletis
740 1419 861 1478 omnes,

179 1483 316 1545 Pulchre
338 1486 544 1563 concoquitis,
563 1481 644 1543 nihil
662 1485 795 1564 timetis,

151 1586 152 1590 ’
179 1570 249 1629 Νοιι
268 1567 427 1645 incendia,
448 1587 513 1640 non¹
531 1584 639 1646 graves
659 1567 779 1647 ruinas,

125 1665 159 1716 10
179 1654 250 1713 Non
269 1651 350 1712 suctu
371 1653 481 1731 impin,
503 1671 566 1711 non
588 1648 677 1710 dolos
697 1653 823 1730 veneni,

179 1737 249 1798 Non
268 1755 354 1794 casus
376 1734 452 1796 alios
472 1733 691 1816 periculorum.
719 1759 720 1763 ¹
822 1783 824 1785 ,

55 1856 60 1870 ·
178 1820 274 1898 Atqui
296 1839 427 1900 corporo
448 1820 579 1879 sicciora
601 1837 697 1878 cornu
807 1820 815 1828 ’

180 1906 244 1966 Aut
265 1902 369 1982 siquid
386 1905 482 1982 magis
499 1901 617 1962 aridum
636 1909 685 1962 est
704 1901 825 1961 hebetis

180 1987 263 2049 Sole¹
277 1993 310 2047 et
329 1986 448 2066 frigore
468 1994 502 2046 et
523 1988 717 2051 essuritione.

127 2083 158 2135 15
180 2074 283 2150 Quare
302 2090 366 2130 non
386 2072 444 2131 tibi
466 2073 507 2133 sit
525 2072 607 2132 bene
629 2090 664 2130 ac
685 2067 799 2130 berte?

88 2198 90 2202 s
180 2160 209 2217 A
228 2164 262 2217 te
283 2153 378 2216 sudor
399 2157 503 2234 abest,
523 2157 614 2224 obest
632 2152 741 2232 saliva,

180 2242 353 2321 Mucusque
376 2246 408 2301 et
428 2239 507 2300 mula
528 2241 640 2320 pituita
660 2239 736 2298 nasi.

179 2328 268 2387 Hanc
289 2325 329 2386 ad
347 2325 529 2386 munditiem
548 2322 627 2384 adde
648 2322 856 2397 mundiorem,

181 2408 272 2488 Quod
293 2408 378 2470 culus
399 2410 458 2470 tibi
478 2408 586 2488 purior
607 2403 709 2467 salillo
732 2413 796 2481 est,

126 2503 161 2555 20
180 2495 245 2554 Nec
265 2500 332 2553 toto
354 2491 459 2552 decies
480 2510 566 2551 cocos
588 2491 621 2549 in
643 2507 738 2565 anno,

181 2578 285 2655 Atque
306 2575 340 2635 id
360 2574 467 2635 durius
488 2574 629 2634 estfolio
650 2578 683 2631 et
702 2568 834 2649 lapillis,

182 2658 271 2734 Quod
291 2666 326 2719 tu
347 2661 373 2719 si
393 2659 532 2718 manibus
552 2663 636 2716 teres
658 2654 831 2732 dicesque,

181 2743 251 2804 Non
272 2762 405 2823 unquam
424 2742 552 2820 digitum
571 2740 733 2817 inquinare
755 2754 872 2817 posses.

182 2829 269 2887 Haec
290 2833 325 2887 ιιι
345 2824 503 2886 commode
524 2831 586 2884 tum
605 2824 713 2899 beata,
734 2822 827 2901 Furi,

127 2923 160 2975 25
182 2911 255 2973 Noli
275 2928 425 2991 spernere
444 2927 503 2968 nec
524 2916 634 2988 putare
654 2907 756 2986 parvi,

182 2998 224 3058 Ει
244 2996 389 3056 sestertio
409 2992 492 3071 quoe
508 2991 589 3052 soles
610 2992 733 3070 precari
764 3054 766 3060 ¹

185 3083 316 3142 Centum
337 3078 460 3138 desine:
479 3095 549 3135 nom
570 3077 644 3136 satis
666 3075 793 3134 bentu's.
878 3078 890 3092 ¹

515 3258 644 3323 XXIV.

188 3334 217 3429 ll
242 3370 293 3450 qui
312 3365 458 3430 flosculus
479 3385 513 3425 es
535 3363 758 3438 quentiorum,

184 3455 254 3516 Non
275 3455 385 3515 horum
403 3450 511 3530 modo,
533 3447 589 3510 sed
611 3454 686 3527 quot
705 3451 756 3506 out
775 3443 902 3505 luerunt
