2302 3922
92 246 138 317 1.]
479 249 643 306 1111111111.
847 206 880 218 '⁴

93 409 185 472 Alter
207 430 299 492 saepe
321 431 385 472 uno
407 413 510 474 mutat
530 411 715 492 praecordia
736 412 847 494 verb0‚

134 493 245 556 Altera
266 493 320 556 vix
341 494 410 577 ipso
433 496 588 579 sanguine
609 496 716 558 mollis
739 496 807 559 erit.

495 641 646 649 ἓ*-

547 742 579 813 V

92 860 163 925 Hoc
185 864 339 943 verumst,
362 865 432 927 tota
452 866 484 926 te
506 863 597 946 ferri,
621 862 774 945 Cynthia,
798 862 901 927 Roma

135 945 178 1008 nt
199 967 265 1008 non
286 947 399 1030 ignota
420 948 524 1010 vivere
545 947 708 1031 nequitia?

92 1027 181 1092 Haec
202 1031 302 1093 merui
325 1030 472 1113 sperare?
496 1031 585 1094 dabis
607 1029 701 1114 mihi,
723 1029 859 1114 perfida,
883 1050 1018 1113 poenas:

134 1113 178 1176 Et
198 1114 290 1176 nobis
314 1114 434 1197 alique,
458 1113 611 1197 Cynthia,
634 1117 746 1177 ventus
770 1114 838 1177 erit.

91 1195 257 1260 Inveniam
278 1200 386 1260 tamen
409 1219 425 1261 e
446 1199 555 1262 multis
577 1197 742 1261 fallacibus
764 1218 878 1281 unam,
1035 1208 1052 1257 t

135 1279 222 1354 Quae
243 1281 312 1344 fieri
334 1284 444 1345 nostro
468 1281 606 1345 carmine
628 1285 705 1344 nota
726 1281 818 1363 velit,

92 1362 160 1427 Nec
182 1363 261 1427 1111111
282 1368 348 1427 tarn
371 1364 456 1428 duris
478 1365 612 1429 insultet
631 1364 772 1428 moribus
794 1366 828 1428 et
847 1367 880 1428 te

134 1446 285 1512 Vellicet:
308 1447 370 1511 heu
393 1469 463 1513 sero
485 1448 575 1512 flebis
598 1451 702 1513 amata
723 1448 786 1515 diu.

92 1529 189 1594 Nunc
212 1534 260 1595 est
281 1532 329 1595 ira
350 1553 475 1616 recena,
496 1553 583 1597 nunc
606 1536 655 1597 est
677 1532 837 1596 discedere
858 1534 998 1615 tempus:

135 1612 169 1678 Si
191 1614 282 1678 dolor
304 1615 434 1698 afuerit,
458 1617 565 1699 crede,
587 1616 704 1680 redibit
725 1637 822 1680 amor.
1020 1626 1053 1677 10

92 1696 169 1762 Non
190 1699 236 1762 ita
259 1698 448 1783 Carpathiae
470 1701 594 1764 variant
615 1700 828 1784 Aquilonibus
850 1700 953 1764 undae

134 1781 203 1846 Nec
225 1782 320 1848 dubio
343 1784 444 1848 nubes
466 1785 599 1848 vcrtittn
621 1788 690 1847 atra
710 1783 813 1867 Noto,

93 1864 195 1940 Quam
215 1867 308 1931 facilc
330 1867 404 1931 irati
424 1868 521 1932 verbo
543 1871 708 1932 mutantur
728 1870 885 1931 amantes:

134 1948 220 2011 Dum
241 1950 331 2032 licet,
354 1950 473 2014 iniusto
497 1951 646 2014 subtrahe
669 1951 751 2014 colla
771 1951 857 2034 iugc.

92 2031 161 2097 Nec
182 2035 219 2095 tu
239 2052 307 2096 non
328 2032 463 2117 aliquid,
486 2033 542 2097 sed
562 2035 667 2117 prima
688 2036 796 2116 nocte,
820 2033 957 2097 dolebis:
1021 2046 1053 2095 15

136 2115 238 2180 Omne
259 2117 294 2179 in
316 2137 424 2180 amore
445 2118 578 2199 malum,
601 2120 629 2181 si
649 2117 787 2200 patiere,
809 2116 917 2180 levest.

92 2200 139 2263 At
159 2203 195 2264 tu
216 2222 273 2283 pcr
295 2199 442 2264 dominae
464 2199 596 2264 Iunonis
620 2200 724 2264 dulcia
745 2200 815 2263 iura

134 2284 233 2348 Parce
254 2284 318 2347 tuis
341 2284 472 2366 animis,
495 2284 575 2367 vita,
597 2304 712 2348 nocere
734 2283 802 2347 tibi.

92 2366 169 2434 Non
190 2368 294 2431 solum
315 2370 424 2432 taurus
446 2368 521 2432 ferit
542 2369 632 2432 uncis
655 2367 804 2433 cornibus
825 2367 951 2432 hostem
957 2418 967 2451 ‚

134 2451 254 2516 Verum
276 2453 373 2516 etiam
394 2451 528 2516 instanti
549 2452 635 2517 laesa
656 2455 814 2537 repugnat
835 2452 913 2516 ovis.
1020 2464 1054 2514 20

92 2535 162 2600 Nec
184 2536 243 2599 tibi
264 2537 391 2618 periuro
414 2536 556 2601 scindam
579 2537 617 2600 dc
640 2557 771 2620 corpore
793 2539 928 2619 restem,

134 2618 203 2683 Nee
226 2641 296 2682 mea
316 2621 497 2703 praeclusas
518 2620 651 2706 fregerit
671 2622 718 2684 ire
739 2621 840 2704 fores,

92 2702 161 2768 Nec
182 2703 243 2767 tibi
266 2723 403 2767 conexos
424 2704 524 2768 iratus
547 2725 674 2789 carpere
696 2706 798 2769 crines

135 2786 204 2851 Nec
226 2787 312 2851 duris
335 2789 437 2852 ausim
457 2788 582 2852 laedere
603 2789 786 2872 pollicibus:

93 2871 243 2935 Rusticus
265 2872 343 2937 haec
365 2873 479 2955 aliquis
501 2877 568 2936 tam
588 2874 695 2956 turpia
716 2872 838 2956 proelia
852 2878 996 2957 quaerat,
1019 2884 1053 2937 25

137 2954 233 3019 Cuius
255 2977 321 3019 non
343 2956 476 3021 hederae
499 2956 648 3020 circuiere
671 2961 773 3040 caput.

95 3038 237 3103 Scribam
251 3039 358 3123 igitur,
378 3042 463 3124 quod
476 3061 544 3105 non
557 3062 708 3123 umquam
721 3044 777 3105 tua
790 3040 895 3104 deleat
908 3044 1009 3124 aetas,

137 3121 293 3206 ‘Cynthia
313 3124 416 3188 forma
436 3128 566 3208 potens,
590 3122 729 3207 Cynthia
749 3124 846 3188 verba
866 3124 967 3189 levis!

95 3208 195 3274 Crede
209 3206 298 3291 mihi,
314 3210 457 3291 quamvis
473 3211 657 3273 contemnas
672 3228 834 3273 murmura
848 3208 967 3290 famae,

136 3293 198 3359 llic
219 3293 279 3357 tibi
301 3294 428 3377 pallori,
452 3292 604 3375 cynthia,
628 3314 736 3358 versus
759 3294 827 3357 erit.
1020 3307 1054 3357 80

498 3468 648 3480 -oa—
