2302 3922
120 244 143 310 6
468 264 471 269 ·
1032 246 1081 319 [IL

133 423 168 473 95
182 410 277 475 Hunc
297 431 390 493 puer,
417 408 503 473 hunc
523 407 645 472 iuvenis
667 407 760 473 turba
782 407 975 474 circumterit
994 411 1079 494 asta,

225 493 291 558 Des
313 493 362 557 uit
382 494 417 556 in
437 492 550 557 molles
572 494 604 555 et
625 492 686 556 sibi
708 492 840 589 quisque
861 493 959 557 sinus.

182 578 230 642 At
285 577 292 591 ’
319 577 326 590 ’
348 598 457 660 parce,
479 574 606 640 Venus:
628 597 753 659 semper
772 577 833 640 ubi
854 576 960 641 dedita
982 576 1081 642 servit

226 660 318 727 Mens
340 682 425 725 mea:
449 660 524 744 quid
546 680 664 724 messes
686 660 752 723 uris
773 660 886 725 acerba
906 659 1000 725 tuas?

524 791 676 800 ———

563 874 628 949 III.

183 999 276 1065 Ibitis
297 1001 442 1084 Aegaeas
464 999 532 1063 sine
553 1021 618 1077 me,
641 997 806 1080 Messalla,
828 1018 885 1080 per
905 994 1022 1080 undas,

226 1084 253 1148 Ο
275 1085 399 1147 utinam
419 1104 575 1147 memores
596 1083 665 1166 ipse
688 1082 864 1164 cohorsque
884 1083 963 1146 mei:

183 1167 236 1232 Me
257 1171 345 1231 tenet
365 1168 485 1252 ignotis
508 1188 638 1251 aegrum
659 1166 816 1230 Phaeacia
836 1165 944 1229 terris:

224 1252 396 1315 Abstineas
418 1250 539 1332 avidas,
561 1249 649 1314 Mors
670 1271 783 1333 precor
804 1252 886 1332 atra,
908 1269 1030 1313 manus.

151 1347 169 1396 1
183 1335 370 1417 Abstineas,
385 1333 474 1397 Mors
490 1336 573 1415 atra,
588 1354 716 1416 precor:
737 1354 804 1397 non
817 1332 871 1396 hic
884 1331 964 1395 mihi
977 1334 1079 1397 mater

226 1417 312 1493 Quae
334 1417 421 1499 legat
441 1418 476 1479 in
497 1420 634 1479 maestos
656 1438 728 1479 ossa
748 1419 877 1499 perusta
897 1416 1002 1499 sinus,

182 1500 259 1566 Non
281 1521 385 1581 soror,
408 1499 556 1580 Assyrios
581 1500 677 1562 cineri
700 1521 779 1582 quae
802 1500 896 1563 dedat
917 1499 1029 1564 odores

224 1583 268 1647 Et
288 1583 362 1646 fleat
383 1582 490 1646 effusis
513 1585 586 1645 ante
609 1582 753 1665 sepulcra
774 1584 888 1665 comis,

182 1666 276 1731 Delia
296 1687 363 1730 non
384 1687 532 1750 usquam3
555 1687 634 1749 quae
655 1688 706 1729 me
728 1687 823 1749 quam
837 1668 978 1732 mitteret
991 1667 1079 1751 urbe,

134 1765 167 1813 ιο
223 1749 349 1814 Dicitur
370 1753 444 1813 anta
467 1771 577 1814 omnes
600 1751 794 1814 consuluisse
816 1751 902 1816 deos.

181 1834 244 1899 Illa
264 1855 371 1898 sacras
392 1834 482 1917 pueri
504 1837 605 1899 sortes
626 1837 676 1898 ter
698 1835 839 1900 sustulit:
862 1836 911 1899 illi

223 1918 360 1983 Rettulit
382 1939 399 1982 1
419 1917 512 1982 trinis
535 1918 642 1983 omina
663 1922 749 1983 certa
769 1941 856 2003 puer.

182 2002 305 2068 Cuncta
326 2002 445 2066 dabant
465 2002 599 2068 reditus:
621 2007 730 2069 tamen
752 2007 800 2068 cst
821 2004 972 2068 deterrita
986 2025 1077 2068 num·

745 2110 819 2152 uam

225 2172 309 2248 Quin
330 2173 421 2237 flerat
441 2176 568 2238 nostras
589 2111 811 2258 respueritquc
825 2138 910 2237 'vias

135 2255 254 2339 151pse
277 2278 336 2341 ego
359 2258 492 2339 solator,
515 2279 587 2321 cum
608 2259 672 2322 iam
693 2257 845 2321 mandata
868 2255 1039 2339 dedissem,

226 2339 422 2415 Quaerebam
443 2341 550 2403 tardas
572 2343 683 2404 anxius
704 2362 803 2424 usque
825 2360 939 2403 moras.

181 2424 250 2487 Aut
271 2445 331 2507 ego
354 2446 424 2487 sum
445 2427 590 2487 causatus
612 2445 685 2487 aves
708 2426 763 2485 aut
783 2422 890 2485 omina
911 2420 992 2503 dira,

224 2505 391 2571 Saturnive
413 2527 536 2569 sacram
557 2525 608 2569 me
629 2506 768 2568 tenuisse
790 2503 882 2566 diem.

183 2589 210 2653 Ο
234 2589 378 2671 quotiens
400 2589 563 2673 ingressus
584 2588 645 2649 iter
666 2587 745 2650 mihi
766 2586 870 2649 tristia
891 2585 957 2648 dixi

132 2686 166 2734 20
223 2672 386 2736 Offensum
409 2672 556 2753 inportu
578 2670 671 2754 signa
692 2670 815 2733 dedisse
836 2670 965 2753 pedem!

180 2755 308 2818 Audeat
328 2754 428 2818 invito
449 2754 561 2836 nequis
584 2752 742 2817 discedere
763 2754 898 2836 Amore,

223 2839 290 2901 Aut
311 2837 391 2900 sciat
413 2858 573 2921 egressum
595 2858 629 2900 se
641 2836 839 2984 Ῑ1111111111
861 2837 929 2902 deo.

182 2920 266 2996 Quid
287 2925 344 2985 tua
357 2942 442 2984 nunc
457 2920 517 2983 Isis
532 2920 626 3003 mihi,

223 3005 284 3069 Illa
304 3006 359 3068 tua
380 3004 498 3067 totiens
520 3026 591 3068 1111
612 3005 740 3087 repulsa
760 3028 873 3088 manu,

133 3100 167 3150 25
181 3087 318 3172 Quidve,
340 3088 392 3171 pic
415 3088 488 3152 dum
511 3110 600 3151 sacra
622 3088 715 3172 colis,
737 3111 876 3186 pureque
898 3089 997 3155 lavari

224 3172 268 3235 Τ1
292 3171 450 3258 (memini)
474 3174 506 3235 et
525 3193 605 3255 puro
628 3173 807 3237 sccubmsse
828 3174 924 3238 toro?

182 3255 286 3352 Nunc,
303 3256 370 3337 dea,
392 3275 478 3319 nuno
493 3277 638 3353 succurre
652 3256 731 3320 mihi
747 3256 834 3405 qnam
849 3279 943 3356 possa
957 3258 1077 3324 mederi

223 3339 315 3403 Prota
336 3339 428 3403 docet
449 3340 576 3422 templis
597 3342 752 3404 multata
775 3342 838 3405 ella
857 3344 950 3427 turs),

673 2921 745 3003 elia,
761 2921 837 3004 quid
849 2920 928 2985 mihi
942 2925 1077 3006 prosunt

182 3421 227 3487 Vt
248 3444 319 3487 mea
340 3423 461 3487 votivas
482 3424 665 3507 persolvens
686 3423 779 3488 Delia
800 3446 893 3489 voces

133 3518 168 3569 80
223 3506 309 3571 Ante
331 3527 436 3572 sacras
457 3507 524 3571 lino
545 3510 631 3572 tecta
651 3507 735 3572 fores
757 3508 865 3573 sedeat
