2302 3922
131 230 174 297 38
539 234 683 289 mavum

237 397 380 482 Insignis
402 396 487 461 clara
509 396 759 480 conspicuusque
781 397 889 479 domo,

164 482 262 545 aaut
282 484 319 545 ut
338 481 440 544 multa
460 481 523 544 mei
544 484 735 545 renovarent
755 480 865 565 iugera
881 479 967 573 peuri

236 565 282 629 Et
301 586 434 649 magnas
456 585 574 628 messes
595 566 680 628 terra
700 564 841 649 benigna
862 564 965 643 daret,

196 647 258 713 Sed
279 651 385 712 tecum
406 651 443 713 ut
463 649 578 733 longae
600 648 753 712 sociarem
773 647 891 732 gaudia
911 648 994 711 vitae

237 732 338 816 Inque
359 735 415 796 tuo
438 733 566 797 caderet
585 735 697 796 nostra
718 734 845 795 senecia
866 732 952 812 sinu,

195 815 276 879 Tum
299 838 371 880 eum
392 837 559 900 permenso
582 815 749 879 defunctus
772 819 914 898 tempore
935 814 1015 879 lueis

149 913 180 961 ιο
236 899 349 965 Nudus
372 900 509 964 Lethaea
531 920 568 962 co
593 921 660 962 erer
681 900 727 963 ire
749 900 840 963 rate?

194 983 279 1049 Nam
300 1006 397 1069 grave
420 984 495 1067 quid
509 921 640 1066 prodeat
653 983 777 1066 pondus
792 982 872 1046 mihi
887 982 992 1046 diviua
1008 981 1094 1065 auri,

236 1070 385 1152 Arvaque
408 1069 435 1132 ai
456 1067 581 1130 findant
601 1066 734 1151 pinguia
755 1067 843 1131 mille
865 1065 986 1132 boves?

195 1150 316 1228 Quidve
339 1153 452 1215 domus
473 1151 604 1233 prodest
624 1151 773 1299 Phrggiis
794 1150 905 1214 innixa
926 1149 1095 1232 columnis,

236 1236 376 1300 Taenare
398 1236 464 1298 sive
485 1234 563 1317 tuis,
588 1234 653 1299 sire
706 1238 810 1318 anysie
832 1234 909 1316 tuin,

147 1332 179 1383 15
193 1320 238 1387 m
257 1340 390 1383 nemora
411 1319 446 1381 in
467 1318 613 1382 domibus
636 1340 741 1383 saeros
763 1318 921 1382 imiiantia
942 1318 1031 1380 lucos

237 1405 439 1485 durataeque
461 1402 567 1466 trabes
589 1424 861 1485 marmoreumque
884 1400 1007 1465 solum?

197 1487 319 1563 Quidve
341 1487 376 1549 in
396 1486 442 1550 Er
463 1484 573 1549 thraeo
596 1486 713 1568 legitur
735 1507 814 1568 quae
835 1486 929 1549 litore
952 1482 1074 1549 concha

239 1570 415 1652 Tinctaque
437 1508 568 1633 didono
589 1570 708 1633 murice
730 1570 805 1632 lana
824 1569 926 1650 iuvat,

195 1655 241 1719 ut
261 1675 341 1738 quae
362 1655 525 1737 praeterea
545 1652 681 1735 populus
703 1651 856 1716 miratur?
878 1651 998 1715 inillis

146 1752 180 1800 20
235 1736 407 1802 Invidiast:
429 1736 510 1800 falso
532 1737 669 1818 plurima
689 1735 802 1821 volgus
825 1739 919 1799 amat.

194 1821 271 1888 Non
293 1822 406 1905 opibus
428 1822 550 1884 mentes
571 1819 736 1883 hominum
758 1839 910 1901 curaeque
932 1818 1095 1885 levandus

237 1906 321 1971 Nam
343 1905 484 1969 Fortuna
505 1925 562 1967 sua
582 1906 727 1987 tempora
747 1904 777 1967 le
802 1924 873 1966 ere
900 1901 931 1966 ‘a

195 1989 245 2056 sit
264 1989 344 2053 mihi
366 1990 534 2073 paupertas
556 1991 662 2052 ieeum
683 1924 833 2066 iucunda,
856 1923 994 2052 ferrera:

238 2076 284 2138 Ar
306 2074 374 2137 sine
395 2076 428 2138 te
449 2094 562 2157 regum
583 2092 714 2136 munera
734 2071 824 2136 nulla
844 2072 927 2135 vola

147 2157 222 2224 250
244 2158 385 2240 niveam,
409 2179 488 2241 quae
509 2159 542 2220 te
563 2157 683 2239 poterii
703 2156 782 2220 mihi
803 2155 950 2237 reddere,
973 2154 1093 2220 lucem!

239 2243 266 2308 Ο
288 2241 368 2306 mihi
389 2242 516 2305 felicem
536 2243 647 2324 terque
669 2244 841 2323 quaterque
861 2239 961 2303 diem!

196 2329 242 2391 At
263 2327 305 2409 si,
326 2348 385 2409 pro
409 2326 493 2389 dulei
513 2325 617 2388 reditu
638 2345 852 2408 quaecumque
873 2325 1041 2403 voventur,

238 2409 358 2474 Audiat
379 2431 488 2474 aversa
508 2428 575 2472 non
595 2430 684 2471 meus
707 2429 780 2471 aure
803 2406 893 2487 dena,

196 2494 266 2560 Nec
286 2516 338 2557 me
359 2513 460 2577 regna
480 2493 592 2555 iuvant
612 2512 671 2554 nee
692 2490 810 2572 Lydius
833 2488 949 2551 amifer
970 2489 1075 2554 amnia

148 2590 182 2640 30
238 2578 307 2643 Nee
329 2598 406 2660 quas
428 2579 581 2640 terrarum
604 2575 740 2639 sustinet
761 2572 846 2636 orbis
869 2592 955 2653 opes.

196 2660 286 2724 Haec
308 2660 362 2723 alii
384 2661 527 2743 cupiant,
549 2659 643 2723 liceat
663 2656 742 2720 mihi
763 2676 900 2739 paupere
922 2654 1010 2719 cultu

240 2742 357 2808 Securo
380 2764 453 2806 cara
475 2743 609 2827 coniuge
630 2761 723 2825 posse
744 2740 817 2803 frui.

196 2827 293 2892 Adsis
316 2829 348 2890 et
368 2827 488 2891 timidis
509 2826 631 2909 faveas,
655 2824 815 2905 Saturnia,
837 2824 935 2907 vota,

239 2911 284 2976 Ea
304 2911 409 2975 faveas
432 2910 567 2993 coneha,
591 2908 721 3006 Cypria,
744 2911 836 2973 reeta
856 2910 920 2973 tua.

151 3008 181 3060 85
196 2996 262 3061 Aut
283 2995 310 3059 si
330 2994 398 3058 faia
418 2997 539 3079 negaui
560 2993 695 3057 reditum
715 2993 884 3076 tristesque
907 3015 1044 3077 sororeS,

241 3079 385 3144 Stamina
406 3100 486 3162 quae
508 3078 627 3142 dueuni
648 3099 789 3161 quaeque
809 3078 918 3141 futura
936 3082 1051 3162 neunt,

199 3164 251 3229 Me
273 3166 365 3228 vocet
386 3165 420 3227 in
442 3165 549 3227 vastos
572 3183 681 3226 amnes
702 3163 889 3247 nigramque
911 3163 1058 3246 paludem

240 3248 325 3313 Diris
347 3248 387 3313 ab
409 3249 525 3333 ignava
546 3246 665 3310 luridus
689 3246 788 3310 Oreus
812 3268 902 3330 aqua.
