2302 3922
335 213 531 279 cononi!
552 214 684 278 cultu.
703 230 729 282 e.
745 229 774 285 ⁶.

93 402 131 455 lo
151 384 216 451 Ubi
234 389 296 448 iste
313 392 386 467 post
404 382 548 464 pbuelus
569 391 659 444 untes
678 384 739 445 init

154 474 284 534 (iomutn
302 469 394 531 silvo:
415 487 486 528 nom
506 468 634 546 Cytorio
655 469 688 527 in
709 471 780 548 iugo

152 557 318 636 Loquente
340 569 432 632 nepe
452 549 695 625 sibilumedidit
713 572 808 614 como.

153 640 291 701 Amastri
310 638 441 698 Pontico
462 641 494 696 et
514 635 630 714 (iytore
652 636 789 715 buxifer,

154 724 230 784 Tibi
250 724 328 783 boec
347 721 445 788 inisse
466 725 500 779 et
521 737 590 780 esse
611 722 818 798 cognitissima

94 820 131 873 15
153 809 209 868 Ait
228 804 388 887 phaselos:
408 802 518 864 ultime
537 821 576 863 ex
594 804 713 881 origine

134 892 227 959 ,Tuo
248 891 372 951 stetisse
392 886 469 949 dicit
489 888 522 947 in
544 888 716 965 eucnmine,

156 976 227 1037 Tuo
248 975 394 1035 imbuisse
415 969 563 1052 peimnln
585 971 789 1049 insequere,

153 1061 198 1120 nt
217 1057 291 1118 inde
312 1062 360 1117 tot
380 1073 439 1136 per
457 1054 641 1135 impotentia
660 1054 743 1115 freto

152 1144 274 1203 Herum
295 1139 421 1218 tulisse,
440 1137 526 1201 icen
546 1138 611 1197 sive
631 1136 760 1200 deutero

92 1239 132 1291 20
151 1227 292 1289 Vocaret
311 1243 401 1299 turo,
423 1223 487 1282 sive
508 1227 664 1301 utrunque
685 1224 824 1304 iuppiter

155 1307 254 1370 Simul
275 1305 427 1368 secundus
447 1304 611 1366 incidisset
630 1307 663 1366 in
682 1307 811 1387 pedem3

150 1393 261 1472 Neque
281 1390 346 1452 ullo
363 1396 436 1451 voto
455 1388 632 1450 litorelibns
654 1389 714 1452 diis

152 1478 220 1538 Sibi
243 1494 312 1536 esse
333 1475 435 1552 sueto,
457 1492 526 1535 eum
546 1475 669 1534 veniret
689 1496 707 1535 ι
727 1479 822 1537 merei

153 1561 326 1622 Novissime
346 1560 429 1619 bnne
451 1557 489 1618 ed
510 1577 608 1638 noque
628 1558 788 1640 limpidum
808 1560 918 1625 locum.

92 1657 130 1711 25
152 1644 217 1706 Sed
236 1645 313 1705 haec
333 1645 420 1725 prino
439 1642 544 1703 fuere:
565 1661 646 1703 nunc
666 1645 827 1706 recondite

155 1732 253 1791 Senot
275 1730 380 1806 quiete
401 1745 498 1806 seque
517 1725 640 1787 dedicat
660 1729 734 1807 tibi,

155 1810 300 1876 Gemelle
322 1813 434 1874 conor
455 1817 488 1871 et
509 1809 642 1889 gemelle
664 1813 810 1875 Castoris.

532 1992 574 2057 V.

157 2079 326 2192 vivemus,
347 2131 416 2173 meo
435 2111 565 2192 Lesbis,
584 2120 676 2192 utque
698 2133 848 2194 ememus,

128 2254 130 2257 .
152 2199 366 2278 Rumoresqne
388 2215 495 2257 senum
515 2199 706 2258 severiorum

155 2283 272 2343 Omnes
292 2282 382 2356 unios
404 2282 598 2341 eestImemns
619 2281 705 2341 ossis.

156 2364 248 2425 Soles
269 2362 413 2425 occidere
432 2371 465 2425 et
485 2364 591 2425 redire
612 2371 755 2445 possunt:
882 2384 885 2389 ·

119 2461 137 2512 5
159 2449 273 2523 Nobis,
292 2468 361 2508 enm
382 2447 479 2509 semel
501 2448 616 2509 occidit
636 2450 739 2510 brevio
760 2446 827 2527 lnx,

156 2532 224 2593 Nox
244 2539 294 2593 est
310 2538 462 2614 perpetuo
484 2551 543 2592 uno
566 2531 761 2610 dormiendo.¹

155 2615 203 2676 na
223 2617 265 2676 mi
285 2617 371 2676 bosio
393 2613 497 2695 mille,
518 2615 633 2678 deinde
655 2624 795 2694 centnm,
848 2664 851 2671 ‚

155 2699 237 2760 Dein
257 2699 345 2760 mille
367 2696 482 2779 ultera,
504 2699 577 2761 dein
598 2701 731 2763 secunda
752 2708 891 2780 centnm,

155 2783 277 2844 Deinde
299 2802 396 2863 nsque
418 2781 518 2845 ultera
536 2783 640 2864 mille,
662 2784 776 2847 deinde
798 2795 929 2848 centnm.

99 2879 135 2930 lo
155 2867 254 2946 Dein,
274 2887 342 2928 enm
358 2866 444 2928 milit
463 2866 561 2930 mnlto
579 2870 762 2949 fecerimus,

159 2952 417 3013 conturbabimus
438 2951 510 3031 illu,
530 2972 571 3014 ne
593 2954 738 3031 sciemus,
785 2966 788 2971 ·

158 3036 223 3097 Ant
242 3054 283 3095 ne
304 3037 372 3114 quis
394 3035 490 3098 maluo
508 3036 649 3098 invidere
669 3039 783 3117 possit,

156 3120 235 3181 Gom
255 3126 374 3181 unium
392 3123 470 3182 sciet
491 3139 559 3181 esse
581 3121 745 3184 basiorum.
806 3167 809 3173 .

452 3246 659 3258 ——n—
688 3252 690 3257 .

534 3298 585 3364 vi

159 3384 271 3501 Flavi,
289 3420 418 3482 nenena
439 3427 507 3490 tuus
529 3417 668 3498 ostano,

117 3561 121 3569 .
152 3503 216 3567 nei
236 3507 301 3567 sint
319 3503 476 3588 inlepidae
498 3511 591 3583 etque
612 3504 821 3584 inelegantes,
948 3526 953 3539 ι

1028 226 1050 290 5
