<?xml version="1.0" encoding="UTF-8"?>
<!DOCTYPE html PUBLIC "-//W3C//DTD XHTML 1.0 Transitional//EN"
    "http://www.w3.org/TR/xhtml1/DTD/xhtml1-transitional.dtd">
<html xmlns="http://www.w3.org/1999/xhtml" xml:lang="en" lang="en">
 <head>
  <title>
</title>
<meta http-equiv="Content-Type" content="text/html;charset=utf-8" />
  <meta name='ocr-system' content='tesseract 3.04.00' />
  <meta name='ocr-capabilities' content='ocr_page ocr_carea ocr_par ocr_line ocrx_word'/>
</head>
<body>
  <div class='ocr_page' id='page_1' title='image "./qvaleriicatulli00catugoog_0159.png"; bbox 0 0 2302 3922; ppageno 0'>
   <div class='ocr_carea' id='block_1_1' title="bbox 93 239 1049 315">
    <p class='ocr_par' dir='ltr' id='par_1_1' title="bbox 93 239 1049 315">
     <span class='ocr_line' id='line_1_1' title="bbox 93 239 1049 315; baseline -0.013 -10"><span class='ocrx_word' id='word_1_1' title='bbox 93 239 136 305; x_wconf 81' lang='lat'><strong>54</strong></span> <span class='ocrx_word' id='word_1_2' title='bbox 500 243 644 299; x_wconf 73' lang='lat' dir='ltr'><strong>Tfflvaar</strong></span> <span class='ocrx_word' id='word_1_3' title='bbox 999 244 1049 315; x_wconf 79' lang='lat' dir='ltr'><strong>[Vl</strong></span> 
     </span>
    </p>
   </div>
   <div class='ocr_carea' id='block_1_2' title="bbox 111 405 1051 1727">
    <p class='ocr_par' dir='ltr' id='par_1_2' title="bbox 111 405 1051 1727">
     <span class='ocr_line' id='line_1_2' title="bbox 126 405 1022 492; baseline 0.002 -23"><span class='ocrx_word' id='word_1_4' title='bbox 126 408 218 472; x_wconf 80' lang='lat' dir='ltr'><strong>ollla</strong></span> <span class='ocrx_word' id='word_1_5' title='bbox 240 408 366 491; x_wconf 90' lang='lat' dir='ltr'><strong>quidem</strong></span> <span class='ocrx_word' id='word_1_6' title='bbox 388 405 523 470; x_wconf 92' lang='lat' dir='ltr'><strong>ornandi</strong></span> <span class='ocrx_word' id='word_1_7' title='bbox 545 427 654 470; x_wconf 82' lang='lat' dir='ltr'><strong>causas</strong></span> <span class='ocrx_word' id='word_1_8' title='bbox 676 406 750 488; x_wconf 88' lang='lat' dir='ltr'><strong>tibi,</strong></span> <span class='ocrx_word' id='word_1_9' title='bbox 774 406 859 488; x_wconf 86' lang='lat' dir='ltr'><strong>diva,</strong></span> <span class='ocrx_word' id='word_1_10' title='bbox 881 406 1022 492; x_wconf 75' lang='lat' dir='ltr'><strong>relegat:</strong></span> 
     </span>
     <span class='ocr_line' id='line_1_3' title="bbox 199 490 907 573; baseline -0.001 -18"><span class='ocrx_word' id='word_1_11' title='bbox 199 491 261 556; x_wconf 83' lang='lat' dir='ltr'><strong>Est</strong></span> <span class='ocrx_word' id='word_1_12' title='bbox 281 496 404 572; x_wconf 86' lang='lat' dir='ltr'><strong>tamen,</strong></span> <span class='ocrx_word' id='word_1_13' title='bbox 427 492 550 554; x_wconf 82' lang='lat' dir='ltr'>occulte</span> <span class='ocrx_word' id='word_1_14' title='bbox 572 490 622 555; x_wconf 89' lang='lat' dir='ltr'><strong>cui</strong></span> <span class='ocrx_word' id='word_1_15' title='bbox 643 490 799 573; x_wconf 81' lang='lat' dir='ltr'><strong>placuisse</strong></span> <span class='ocrx_word' id='word_1_16' title='bbox 821 491 907 555; x_wconf 86' lang='lat' dir='ltr'><strong>velit.</strong></span> 
     </span>
     <span class='ocr_line' id='line_1_4' title="bbox 158 574 1023 658; baseline 0 -19"><span class='ocrx_word' id='word_1_17' title='bbox 158 574 204 638; x_wconf 82' lang='lat' dir='ltr'><strong>At</strong></span> <span class='ocrx_word' id='word_1_18' title='bbox 224 577 259 639; x_wconf 92' lang='lat' dir='ltr'><strong>tu</strong></span> <span class='ocrx_word' id='word_1_19' title='bbox 265 624 274 658; x_wconf 84' lang='lat'><strong><em>,</em></strong></span> <span class='ocrx_word' id='word_1_20' title='bbox 297 578 422 658; x_wconf 85' lang='lat' dir='ltr'><strong>sancta,</strong></span> <span class='ocrx_word' id='word_1_21' title='bbox 443 575 532 658; x_wconf 86' lang='lat' dir='ltr'><strong>fave,</strong></span> <span class='ocrx_word' id='word_1_22' title='bbox 553 575 687 657; x_wconf 89' lang='lat' dir='ltr'><strong>neuquis</strong></span> <span class='ocrx_word' id='word_1_23' title='bbox 710 574 840 638; x_wconf 90' lang='lat' dir='ltr'><strong>divellat</strong></span> <span class='ocrx_word' id='word_1_24' title='bbox 861 576 1023 658; x_wconf 86' lang='lat' dir='ltr'><strong>amantes,</strong></span> 
     </span>
     <span class='ocr_line' id='line_1_5' title="bbox 200 657 893 743; baseline 0 -20"><span class='ocrx_word' id='word_1_25' title='bbox 200 657 263 723; x_wconf 83' lang='lat' dir='ltr'><strong>sed</strong></span> <span class='ocrx_word' id='word_1_26' title='bbox 284 658 391 723; x_wconf 89' lang='lat' dir='ltr'><strong>iuveni</strong></span> <span class='ocrx_word' id='word_1_27' title='bbox 413 680 530 742; x_wconf 86' lang='lat' dir='ltr'><strong>quaeso</strong></span> <span class='ocrx_word' id='word_1_28' title='bbox 553 661 662 722; x_wconf 88' lang='lat' dir='ltr'><strong>mutua</strong></span> <span class='ocrx_word' id='word_1_29' title='bbox 683 658 788 722; x_wconf 87' lang='lat' dir='ltr'><strong>vincla</strong></span> <span class='ocrx_word' id='word_1_30' title='bbox 808 681 893 743; x_wconf 89' lang='lat' dir='ltr'><strong>para.</strong></span> 
     </span>
     <span class='ocr_line' id='line_1_6' title="bbox 159 740 925 827; baseline 0.003 -21"><span class='ocrx_word' id='word_1_31' title='bbox 159 740 212 807; x_wconf 88' lang='lat' dir='ltr'><strong>Sic</strong></span> <span class='ocrx_word' id='word_1_32' title='bbox 232 742 313 808; x_wconf 87' lang='lat' dir='ltr'><strong>bene</strong></span> <span class='ocrx_word' id='word_1_33' title='bbox 336 763 511 827; x_wconf 83' lang='lat' dir='ltr'><strong>conponas:</strong></span> <span class='ocrx_word' id='word_1_34' title='bbox 533 743 617 807; x_wconf 86' lang='lat' dir='ltr'><strong>ullae</strong></span> <span class='ocrx_word' id='word_1_35' title='bbox 638 763 704 806; x_wconf 94' lang='lat' dir='ltr'><strong>non</strong></span> <span class='ocrx_word' id='word_1_36' title='bbox 726 742 780 806; x_wconf 89' lang='lat' dir='ltr'><strong>ille</strong></span> <span class='ocrx_word' id='word_1_37' title='bbox 802 743 925 826; x_wconf 85' lang='lat' dir='ltr'><strong>puellae</strong></span> 
     </span>
     <span class='ocr_line' id='line_1_7' title="bbox 112 825 891 911; baseline 0.008 -25"><span class='ocrx_word' id='word_1_38' title='bbox 112 838 144 887; x_wconf 84' lang='lat' dir='ltr'><strong>ro</strong></span> <span class='ocrx_word' id='word_1_39' title='bbox 200 825 323 891; x_wconf 87' lang='lat' dir='ltr'><strong>Servire</strong></span> <span class='ocrx_word' id='word_1_40' title='bbox 345 831 400 892; x_wconf 91' lang='lat' dir='ltr'><strong>aut</strong></span> <span class='ocrx_word' id='word_1_41' title='bbox 421 828 567 911; x_wconf 87' lang='lat' dir='ltr'><strong>cuiquam</strong></span> <span class='ocrx_word' id='word_1_42' title='bbox 589 826 716 911; x_wconf 82' lang='lat' dir='ltr'><strong>dignior</strong></span> <span class='ocrx_word' id='word_1_43' title='bbox 737 826 793 890; x_wconf 92' lang='lat' dir='ltr'><strong>illa</strong></span> <span class='ocrx_word' id='word_1_44' title='bbox 813 826 891 892; x_wconf 86' lang='lat' dir='ltr'><strong>viro.</strong></span> 
     </span>
     <span class='ocr_line' id='line_1_8' title="bbox 159 909 1024 1058; baseline 0.001 -84"><span class='ocrx_word' id='word_1_45' title='bbox 159 909 228 974; x_wconf 89' lang='lat' dir='ltr'><strong>Nec</strong></span> <span class='ocrx_word' id='word_1_46' title='bbox 249 912 352 995; x_wconf 85' lang='lat' dir='ltr'><strong>possit</strong></span> <span class='ocrx_word' id='word_1_47' title='bbox 373 911 504 995; x_wconf 90' lang='lat' dir='ltr'><strong>cupidos</strong></span> <span class='ocrx_word' id='word_1_48' title='bbox 525 911 662 1058; x_wconf 56' lang='lat' dir='ltr'><strong>viffl&#39;lans</strong></span> <span class='ocrx_word' id='word_1_49' title='bbox 685 911 877 994; x_wconf 86' lang='lat' dir='ltr'><strong>deprendere</strong></span> <span class='ocrx_word' id='word_1_50' title='bbox 901 913 1024 995; x_wconf 88' lang='lat' dir='ltr'><strong>custos,</strong></span> 
     </span>
     <span class='ocr_line' id='line_1_9' title="bbox 201 993 915 1079; baseline 0 -20"><span class='ocrx_word' id='word_1_51' title='bbox 201 993 407 1079; x_wconf 83' lang='lat' dir='ltr'><strong>Fallendique</strong></span> <span class='ocrx_word' id='word_1_52' title='bbox 429 995 495 1058; x_wconf 85' lang='lat' dir='ltr'><strong>vias</strong></span> <span class='ocrx_word' id='word_1_53' title='bbox 517 996 559 1058; x_wconf 92' lang='lat' dir='ltr'><strong>m&#39;</strong></span> <span class='ocrx_word' id='word_1_54' title='bbox 587 994 785 1059; x_wconf 83' lang='lat' dir='ltr'><strong>aministret</strong></span> <span class='ocrx_word' id='word_1_55' title='bbox 806 996 915 1059; x_wconf 86' lang='lat' dir='ltr'><strong>Amor.</strong></span> 
     </span>
     <span class='ocr_line' id='line_1_10' title="bbox 162 1078 916 1163; baseline 0 -21"><span class='ocrx_word' id='word_1_56' title='bbox 162 1078 278 1143; x_wconf 84' lang='lat' dir='ltr'><strong>Adnue</strong></span> <span class='ocrx_word' id='word_1_57' title='bbox 299 1099 519 1163; x_wconf 90' lang='lat' dir='ltr'><strong>purpureaque</strong></span> <span class='ocrx_word' id='word_1_58' title='bbox 539 1078 613 1143; x_wconf 85' lang='lat' dir='ltr'><strong>veni</strong></span> <span class='ocrx_word' id='word_1_59' title='bbox 633 1079 795 1162; x_wconf 88' lang='lat' dir='ltr'><strong>perlucida</strong></span> <span class='ocrx_word' id='word_1_60' title='bbox 816 1079 916 1162; x_wconf 90' lang='lat' dir='ltr'><strong>palla:</strong></span> 
     </span>
     <span class='ocr_line' id='line_1_11' title="bbox 204 1162 914 1246; baseline 0.003 -20"><span class='ocrx_word' id='word_1_61' title='bbox 204 1162 267 1227; x_wconf 86' lang='lat' dir='ltr'><strong>Ter</strong></span> <span class='ocrx_word' id='word_1_62' title='bbox 287 1163 346 1228; x_wconf 90' lang='lat' dir='ltr'><strong>tibi</strong></span> <span class='ocrx_word' id='word_1_63' title='bbox 367 1163 404 1226; x_wconf 90' lang='lat' dir='ltr'><strong>fit</strong></span> <span class='ocrx_word' id='word_1_64' title='bbox 425 1163 505 1245; x_wconf 84' lang='lat' dir='ltr'><strong>libo,</strong></span> <span class='ocrx_word' id='word_1_65' title='bbox 528 1165 592 1246; x_wconf 80' lang='lat' dir='ltr'><strong>ter,</strong></span> <span class='ocrx_word' id='word_1_66' title='bbox 615 1162 673 1227; x_wconf 90' lang='lat' dir='ltr'><strong>dea</strong></span> <span class='ocrx_word' id='word_1_67' title='bbox 695 1166 795 1246; x_wconf 84' lang='lat' dir='ltr'><strong>casta,</strong></span> <span class='ocrx_word' id='word_1_68' title='bbox 817 1184 914 1228; x_wconf 86' lang='lat' dir='ltr'><strong>mero.</strong></span> 
     </span>
     <span class='ocr_line' id='line_1_12' title="bbox 112 1246 983 1330; baseline 0.006 -23"><span class='ocrx_word' id='word_1_69' title='bbox 112 1259 143 1308; x_wconf 82' lang='lat'><strong>15</strong></span> <span class='ocrx_word' id='word_1_70' title='bbox 156 1246 335 1330; x_wconf 71' lang='lat' dir='ltr'><strong>Praecipiet</strong></span> <span class='ocrx_word' id='word_1_71' title='bbox 355 1250 449 1310; x_wconf 87' lang='lat' dir='ltr'><strong>natae</strong></span> <span class='ocrx_word' id='word_1_72' title='bbox 471 1250 572 1310; x_wconf 88' lang='lat' dir='ltr'><strong>mater</strong></span> <span class='ocrx_word' id='word_1_73' title='bbox 593 1246 747 1328; x_wconf 88' lang='lat' dir='ltr'><strong>studiosa,</strong></span> <span class='ocrx_word' id='word_1_74' title='bbox 771 1247 855 1330; x_wconf 92' lang='lat' dir='ltr'><strong>quod</strong></span> <span class='ocrx_word' id='word_1_75' title='bbox 877 1248 983 1330; x_wconf 88' lang='lat' dir='ltr'><strong>optet:</strong></span> 
     </span>
     <span class='ocr_line' id='line_1_13' title="bbox 204 1330 941 1416; baseline 0.001 -22"><span class='ocrx_word' id='word_1_76' title='bbox 204 1330 265 1394; x_wconf 88' lang='lat' dir='ltr'><strong>Illa</strong></span> <span class='ocrx_word' id='word_1_77' title='bbox 286 1330 372 1394; x_wconf 86' lang='lat' dir='ltr'><strong>aliud</strong></span> <span class='ocrx_word' id='word_1_78' title='bbox 393 1331 507 1414; x_wconf 84' lang='lat' dir='ltr'><strong>tacita,</strong></span> <span class='ocrx_word' id='word_1_79' title='bbox 529 1332 592 1394; x_wconf 90' lang='lat' dir='ltr'><strong>iam</strong></span> <span class='ocrx_word' id='word_1_80' title='bbox 614 1353 686 1412; x_wconf 88' lang='lat' dir='ltr'><strong>sua,</strong></span> <span class='ocrx_word' id='word_1_81' title='bbox 709 1334 816 1394; x_wconf 89' lang='lat' dir='ltr'><strong>mente</strong></span> <span class='ocrx_word' id='word_1_82' title='bbox 837 1332 941 1416; x_wconf 84' lang='lat' dir='ltr'><strong>rogat</strong></span> 
     </span>
     <span class='ocr_line' id='line_1_14' title="bbox 161 1413 916 1496; baseline 0 -18"><span class='ocrx_word' id='word_1_83' title='bbox 161 1413 286 1495; x_wconf 88' lang='lat' dir='ltr'><strong>Vritur,</strong></span> <span class='ocrx_word' id='word_1_84' title='bbox 309 1417 346 1476; x_wconf 92' lang='lat' dir='ltr'><strong>ut</strong></span> <span class='ocrx_word' id='word_1_85' title='bbox 367 1413 484 1477; x_wconf 90' lang='lat' dir='ltr'><strong>celeres</strong></span> <span class='ocrx_word' id='word_1_86' title='bbox 506 1418 603 1477; x_wconf 90' lang='lat' dir='ltr'><strong>urunt</strong></span> <span class='ocrx_word' id='word_1_87' title='bbox 623 1414 736 1478; x_wconf 87' lang='lat' dir='ltr'><strong>altaria</strong></span> <span class='ocrx_word' id='word_1_88' title='bbox 756 1413 916 1496; x_wconf 88' lang='lat' dir='ltr'><strong>flammae,</strong></span> 
     </span>
     <span class='ocr_line' id='line_1_15' title="bbox 202 1496 989 1578; baseline -0.001 -17"><span class='ocrx_word' id='word_1_89' title='bbox 202 1496 286 1578; x_wconf 90' lang='lat' dir='ltr'><strong>Neo,</strong></span> <span class='ocrx_word' id='word_1_90' title='bbox 309 1496 404 1560; x_wconf 89' lang='lat' dir='ltr'><strong>liceat</strong></span> <span class='ocrx_word' id='word_1_91' title='bbox 425 1497 583 1578; x_wconf 84' lang='lat' dir='ltr'><strong>quamvis,</strong></span> <span class='ocrx_word' id='word_1_92' title='bbox 607 1518 683 1559; x_wconf 90' lang='lat' dir='ltr'><strong>sana</strong></span> <span class='ocrx_word' id='word_1_93' title='bbox 703 1496 802 1559; x_wconf 86' lang='lat' dir='ltr'><strong>fuisse</strong></span> <span class='ocrx_word' id='word_1_94' title='bbox 823 1497 910 1561; x_wconf 89' lang='lat' dir='ltr'><strong>velit.</strong></span> <span class='ocrx_word' id='word_1_95' title='bbox 983 1556 989 1568; x_wconf 93' lang='grc'>,</span> 
     </span>
     <span class='ocr_line' id='line_1_16' title="bbox 162 1579 1051 1666; baseline 0.002 -23"><span class='ocrx_word' id='word_1_96' title='bbox 162 1579 211 1644; x_wconf 82' lang='lat' dir='ltr'><strong>sit</strong></span> <span class='ocrx_word' id='word_1_97' title='bbox 232 1579 339 1643; x_wconf 89' lang='lat' dir='ltr'><strong>iuveni</strong></span> <span class='ocrx_word' id='word_1_98' title='bbox 362 1583 505 1664; x_wconf 82' lang='lat' dir='ltr'><strong>gratum:</strong></span> <span class='ocrx_word' id='word_1_99' title='bbox 526 1580 633 1643; x_wconf 84' lang='lat' dir='ltr'><strong>veniet</strong></span> <span class='ocrx_word' id='word_1_100' title='bbox 655 1600 726 1643; x_wconf 89' lang='lat' dir='ltr'><strong>cum</strong></span> <span class='ocrx_word' id='word_1_101' title='bbox 747 1579 910 1662; x_wconf 84' lang='lat' dir='ltr'><strong>proximus</strong></span> <span class='ocrx_word' id='word_1_102' title='bbox 932 1600 1051 1666; x_wconf 88' lang='lat' dir='ltr'><strong>annus,</strong></span> 
     </span>
     <span class='ocr_line' id='line_1_17' title="bbox 111 1662 895 1727; baseline 0.001 -2"><span class='ocrx_word' id='word_1_103' title='bbox 111 1677 146 1726; x_wconf 83' lang='lat'><strong>20</strong></span> <span class='ocrx_word' id='word_1_104' title='bbox 202 1662 265 1727; x_wconf 92' lang='lat' dir='ltr'><strong>Hic</strong></span> <span class='ocrx_word' id='word_1_105' title='bbox 285 1663 371 1727; x_wconf 87' lang='lat' dir='ltr'><strong>idem</strong></span> <span class='ocrx_word' id='word_1_106' title='bbox 392 1664 475 1727; x_wconf 86' lang='lat' dir='ltr'><strong>votis</strong></span> <span class='ocrx_word' id='word_1_107' title='bbox 496 1664 561 1727; x_wconf 87' lang='lat' dir='ltr'><strong>iam</strong></span> <span class='ocrx_word' id='word_1_108' title='bbox 582 1666 672 1727; x_wconf 86' lang='lat' dir='ltr'><strong>vetus</strong></span> <span class='ocrx_word' id='word_1_109' title='bbox 695 1662 777 1726; x_wconf 87' lang='lat' dir='ltr'><strong>adsit</strong></span> <span class='ocrx_word' id='word_1_110' title='bbox 797 1683 895 1727; x_wconf 88' lang='lat' dir='ltr'><strong>arnor.</strong></span> 
     </span>
    </p>
   </div>
   <div class='ocr_carea' id='block_1_3' title="bbox 477 1850 680 1866">
    <p class='ocr_par' dir='ltr' id='par_1_3' title="bbox 477 1850 680 1866">
     <span class='ocr_line' id='line_1_18' title="bbox 477 1850 680 1866; baseline 0 -4"><span class='ocrx_word' id='word_1_111' title='bbox 477 1850 680 1866; x_wconf 69' lang='lat' dir='ltr'><strong>-nn-</strong></span> 
     </span>
    </p>
   </div>
   <div class='ocr_carea' id='block_1_4' title="bbox 477 1983 685 2195">
    <p class='ocr_par' dir='ltr' id='par_1_4' title="bbox 477 1983 685 2195">
     <span class='ocr_line' id='line_1_19' title="bbox 477 1983 685 2053; baseline 0.029 -6"><span class='ocrx_word' id='word_1_112' title='bbox 477 1983 685 2053; x_wconf 56' lang='lat' dir='ltr'><strong>SVLPIOI&amp;</strong></span> 
     </span>
     <span class='ocr_line' id='line_1_20' title="bbox 538 2121 618 2195; baseline 0.013 -1"><span class='ocrx_word' id='word_1_113' title='bbox 538 2121 618 2195; x_wconf 85' lang='lat' dir='ltr'><strong>VII.</strong></span> 
     </span>
    </p>
   </div>
   <div class='ocr_carea' id='block_1_5' title="bbox 63 2243 1008 3081">
    <p class='ocr_par' dir='ltr' id='par_1_5' title="bbox 63 2243 1008 3081">
     <span class='ocr_line' id='line_1_21' title="bbox 162 2243 961 2330; baseline 0 -21"><span class='ocrx_word' id='word_1_114' title='bbox 162 2243 305 2310; x_wconf 81' lang='lat' dir='ltr'><strong>&#39;landem</strong></span> <span class='ocrx_word' id='word_1_115' title='bbox 326 2245 415 2309; x_wconf 85' lang='lat' dir='ltr'><strong>venit</strong></span> <span class='ocrx_word' id='word_1_116' title='bbox 436 2266 540 2310; x_wconf 85' lang='lat' dir='ltr'><strong>amor:</strong></span> <span class='ocrx_word' id='word_1_117' title='bbox 563 2246 688 2329; x_wconf 88' lang='lat' dir='ltr'><strong>qualem</strong></span> <span class='ocrx_word' id='word_1_118' title='bbox 709 2245 826 2310; x_wconf 86' lang='lat' dir='ltr'><strong>texisse</strong></span> <span class='ocrx_word' id='word_1_119' title='bbox 848 2244 961 2330; x_wconf 89' lang='lat' dir='ltr'><strong>pudori</strong></span> 
     </span>
     <span class='ocr_line' id='line_1_22' title="bbox 206 2329 985 2414; baseline 0.001 -22"><span class='ocrx_word' id='word_1_120' title='bbox 206 2330 307 2405; x_wconf 83' lang='lat' dir='ltr'><strong>Quam</strong></span> <span class='ocrx_word' id='word_1_121' title='bbox 328 2329 465 2393; x_wconf 89' lang='lat' dir='ltr'><strong>nudasse</strong></span> <span class='ocrx_word' id='word_1_122' title='bbox 487 2331 581 2394; x_wconf 90' lang='lat' dir='ltr'><strong>alicui</strong></span> <span class='ocrx_word' id='word_1_123' title='bbox 603 2331 645 2393; x_wconf 92' lang='lat' dir='ltr'><strong>sit</strong></span> <span class='ocrx_word' id='word_1_124' title='bbox 665 2329 745 2393; x_wconf 89' lang='lat' dir='ltr'><strong>mihi</strong></span> <span class='ocrx_word' id='word_1_125' title='bbox 765 2330 853 2393; x_wconf 88' lang='lat' dir='ltr'><strong>fama</strong></span> <span class='ocrx_word' id='word_1_126' title='bbox 872 2329 985 2414; x_wconf 82' lang='lat' dir='ltr'><strong>magis.</strong></span> 
     </span>
     <span class='ocr_line' id='line_1_23' title="bbox 161 2411 866 2495; baseline 0.001 -18"><span class='ocrx_word' id='word_1_127' title='bbox 161 2413 304 2477; x_wconf 78' lang='lat' dir='ltr'><strong>Exorata</strong></span> <span class='ocrx_word' id='word_1_128' title='bbox 324 2413 403 2476; x_wconf 86' lang='lat' dir='ltr'><strong>meis</strong></span> <span class='ocrx_word' id='word_1_129' title='bbox 425 2412 515 2476; x_wconf 90' lang='lat' dir='ltr'><strong>illum</strong></span> <span class='ocrx_word' id='word_1_130' title='bbox 539 2411 695 2495; x_wconf 76' lang='lat' dir='ltr'><strong>Cytherea</strong></span> <span class='ocrx_word' id='word_1_131' title='bbox 717 2412 866 2479; x_wconf 80' lang='lat' dir='ltr'><strong>Camenis</strong></span> 
     </span>
     <span class='ocr_line' id='line_1_24' title="bbox 205 2494 912 2579; baseline 0.003 -20"><span class='ocrx_word' id='word_1_132' title='bbox 205 2496 325 2560; x_wconf 78' lang='lat' dir='ltr'><strong>Attulit</strong></span> <span class='ocrx_word' id='word_1_133' title='bbox 346 2497 381 2558; x_wconf 93' lang='lat' dir='ltr'><strong>in</strong></span> <span class='ocrx_word' id='word_1_134' title='bbox 401 2498 547 2560; x_wconf 89' lang='lat' dir='ltr'><strong>nostrum</strong></span> <span class='ocrx_word' id='word_1_135' title='bbox 569 2494 776 2579; x_wconf 85' lang='lat' dir='ltr'><strong>deposuitque</strong></span> <span class='ocrx_word' id='word_1_136' title='bbox 798 2498 912 2561; x_wconf 90' lang='lat' dir='ltr'><strong>sinum.</strong></span> 
     </span>
     <span class='ocr_line' id='line_1_25' title="bbox 131 2577 989 2664; baseline 0.001 -21"><span class='ocrx_word' id='word_1_137' title='bbox 131 2579 293 2643; x_wconf 73' lang='lat' dir='ltr'><strong>tExolvit</strong></span> <span class='ocrx_word' id='word_1_138' title='bbox 312 2579 471 2663; x_wconf 89' lang='lat' dir='ltr'><strong>promissa</strong></span> <span class='ocrx_word' id='word_1_139' title='bbox 490 2577 615 2643; x_wconf 86' lang='lat' dir='ltr'><strong>Venus:</strong></span> <span class='ocrx_word' id='word_1_140' title='bbox 638 2600 708 2642; x_wconf 91' lang='lat' dir='ltr'><strong>mea</strong></span> <span class='ocrx_word' id='word_1_141' title='bbox 728 2580 845 2664; x_wconf 85' lang='lat' dir='ltr'><strong>gaudia</strong></span> <span class='ocrx_word' id='word_1_142' title='bbox 866 2583 989 2663; x_wconf 85' lang='lat' dir='ltr'><strong>narret,</strong></span> 
     </span>
     <span class='ocr_line' id='line_1_26' title="bbox 207 2662 804 2745; baseline 0.002 -19"><span class='ocrx_word' id='word_1_143' title='bbox 207 2662 340 2726; x_wconf 90' lang='lat' dir='ltr'><strong>Dicetur</strong></span> <span class='ocrx_word' id='word_1_144' title='bbox 361 2663 461 2745; x_wconf 89' lang='lat' dir='ltr'><strong>siquis</strong></span> <span class='ocrx_word' id='word_1_145' title='bbox 482 2684 549 2726; x_wconf 93' lang='lat' dir='ltr'><strong>non</strong></span> <span class='ocrx_word' id='word_1_146' title='bbox 569 2662 718 2728; x_wconf 90' lang='lat' dir='ltr'><strong>habuisse</strong></span> <span class='ocrx_word' id='word_1_147' title='bbox 740 2685 804 2727; x_wconf 86' lang='lat' dir='ltr'><strong>sua.</strong></span> 
     </span>
     <span class='ocr_line' id='line_1_27' title="bbox 63 2744 1004 2830; baseline -0.003 -18"><span class='ocrx_word' id='word_1_148' title='bbox 63 2774 67 2779; x_wconf 94' lang='lat'>·</span> <span class='ocrx_word' id='word_1_149' title='bbox 164 2744 241 2812; x_wconf 92' lang='lat' dir='ltr'><strong>Non</strong></span> <span class='ocrx_word' id='word_1_150' title='bbox 263 2768 280 2809; x_wconf 91' lang='lat' dir='ltr'><strong>e</strong></span> <span class='ocrx_word' id='word_1_151' title='bbox 305 2767 323 2808; x_wconf 96' lang='lat'>0</span> <span class='ocrx_word' id='word_1_152' title='bbox 346 2746 483 2830; x_wconf 83' lang='lat' dir='ltr'><strong>signatis</strong></span> <span class='ocrx_word' id='word_1_153' title='bbox 505 2748 672 2830; x_wconf 85' lang='lat' dir='ltr'><strong>quicquam</strong></span> <span class='ocrx_word' id='word_1_154' title='bbox 692 2746 841 2809; x_wconf 89' lang='lat' dir='ltr'><strong>mandare</strong></span> <span class='ocrx_word' id='word_1_155' title='bbox 862 2745 1004 2828; x_wconf 82' lang='lat' dir='ltr'><strong>tabellis,</strong></span> 
     </span>
     <span class='ocr_line' id='line_1_28' title="bbox 207 2768 1008 2925; baseline -0.001 -31"><span class='ocrx_word' id='word_1_156' title='bbox 207 2828 258 2894; x_wconf 91' lang='lat' dir='ltr'><strong>Ne</strong></span> <span class='ocrx_word' id='word_1_157' title='bbox 279 2768 367 2913; x_wconf 69' lang='lat' dir='ltr'><strong>Iegat</strong></span> <span class='ocrx_word' id='word_1_158' title='bbox 388 2829 427 2925; x_wconf 69' lang='lat' dir='ltr'><strong>id⁸</strong></span> <span class='ocrx_word' id='word_1_159' title='bbox 442 2850 536 2893; x_wconf 92' lang='lat' dir='ltr'><strong>nemo</strong></span> <span class='ocrx_word' id='word_1_160' title='bbox 559 2851 653 2913; x_wconf 88' lang='lat' dir='ltr'><strong>quam</strong></span> <span class='ocrx_word' id='word_1_161' title='bbox 674 2850 762 2893; x_wconf 91' lang='lat' dir='ltr'><strong>meus</strong></span> <span class='ocrx_word' id='word_1_162' title='bbox 785 2831 873 2911; x_wconf 87' lang='lat' dir='ltr'><strong>ante,</strong></span> <span class='ocrx_word' id='word_1_163' title='bbox 895 2827 1008 2912; x_wconf 84' lang='lat' dir='ltr'><strong>velim,</strong></span> 
     </span>
     <span class='ocr_line' id='line_1_29' title="bbox 164 2912 971 2996; baseline 0 -17"><span class='ocrx_word' id='word_1_164' title='bbox 164 2913 227 2979; x_wconf 84' lang='lat' dir='ltr'><strong>Sed</strong></span> <span class='ocrx_word' id='word_1_165' title='bbox 248 2932 395 2996; x_wconf 85' lang='lat' dir='ltr'><strong>peccasse</strong></span> <span class='ocrx_word' id='word_1_166' title='bbox 418 2916 519 2996; x_wconf 79' lang='lat' dir='ltr'><strong>iuvat,</strong></span> <span class='ocrx_word' id='word_1_167' title='bbox 542 2914 645 2978; x_wconf 88' lang='lat' dir='ltr'><strong>voltus</strong></span> <span class='ocrx_word' id='word_1_168' title='bbox 668 2933 847 2995; x_wconf 90' lang='lat' dir='ltr'><strong>conponere</strong></span> <span class='ocrx_word' id='word_1_169' title='bbox 867 2912 971 2979; x_wconf 85' lang='lat' dir='ltr'><strong>famae</strong></span> 
     </span>
     <span class='ocr_line' id='line_1_30' title="bbox 117 2996 909 3081; baseline 0.001 -20"><span class='ocrx_word' id='word_1_170' title='bbox 117 3012 149 3061; x_wconf 89' lang='lat'><strong>10</strong></span> <span class='ocrx_word' id='word_1_171' title='bbox 206 2996 339 3061; x_wconf 83' lang='lat' dir='ltr'><strong>Taedet:</strong></span> <span class='ocrx_word' id='word_1_172' title='bbox 363 3018 435 3061; x_wconf 90' lang='lat' dir='ltr'><strong>cum</strong></span> <span class='ocrx_word' id='word_1_173' title='bbox 458 2997 556 3081; x_wconf 80' lang='lat' dir='ltr'><strong>digno</strong></span> <span class='ocrx_word' id='word_1_174' title='bbox 579 2997 675 3081; x_wconf 85' lang='lat' dir='ltr'><strong>digna</strong></span> <span class='ocrx_word' id='word_1_175' title='bbox 696 2997 795 3061; x_wconf 85' lang='lat' dir='ltr'><strong>fuisse</strong></span> <span class='ocrx_word' id='word_1_176' title='bbox 817 2997 909 3062; x_wconf 85' lang='lat' dir='ltr'><strong>ferar.</strong></span> 
     </span>
    </p>
   </div>
   <div class='ocr_carea' id='block_1_6' title="bbox 537 3211 633 3285">
    <p class='ocr_par' dir='ltr' id='par_1_6' title="bbox 537 3211 633 3285">
     <span class='ocr_line' id='line_1_31' title="bbox 537 3211 633 3285; baseline 0.021 -2"><span class='ocrx_word' id='word_1_177' title='bbox 537 3211 633 3285; x_wconf 89' lang='lat' dir='ltr'><strong>VIII.</strong></span> 
     </span>
    </p>
   </div>
   <div class='ocr_carea' id='block_1_7' title="bbox 165 3342 1066 3598">
    <p class='ocr_par' dir='ltr' id='par_1_7' title="bbox 165 3342 1066 3598">
     <span class='ocr_line' id='line_1_32' title="bbox 165 3342 882 3427; baseline 0.001 -18"><span class='ocrx_word' id='word_1_178' title='bbox 165 3345 291 3410; x_wconf 87' lang='lat' dir='ltr'><strong>Invisus</strong></span> <span class='ocrx_word' id='word_1_179' title='bbox 312 3344 428 3409; x_wconf 87' lang='lat' dir='ltr'><strong>natalis</strong></span> <span class='ocrx_word' id='word_1_180' title='bbox 450 3342 554 3427; x_wconf 81' lang='lat' dir='ltr'><strong>adest,</strong></span> <span class='ocrx_word' id='word_1_181' title='bbox 577 3343 631 3427; x_wconf 92' lang='lat' dir='ltr'><strong>qui</strong></span> <span class='ocrx_word' id='word_1_182' title='bbox 652 3365 724 3408; x_wconf 89' lang='lat' dir='ltr'><strong>rure</strong></span> <span class='ocrx_word' id='word_1_183' title='bbox 746 3345 882 3410; x_wconf 89' lang='lat' dir='ltr'><strong>molesto</strong></span> 
     </span>
     <span class='ocr_line' id='line_1_33' title="bbox 208 3427 897 3512; baseline 0.003 -19"><span class='ocrx_word' id='word_1_184' title='bbox 208 3429 253 3493; x_wconf 83' lang='lat' dir='ltr'><strong>Et</strong></span> <span class='ocrx_word' id='word_1_185' title='bbox 274 3430 342 3494; x_wconf 90' lang='lat' dir='ltr'><strong>sinc</strong></span> <span class='ocrx_word' id='word_1_186' title='bbox 365 3428 518 3494; x_wconf 81' lang='lat' dir='ltr'><strong>Cerintho</strong></span> <span class='ocrx_word' id='word_1_187' title='bbox 540 3427 640 3491; x_wconf 88' lang='lat' dir='ltr'><strong>tristis</strong></span> <span class='ocrx_word' id='word_1_188' title='bbox 664 3427 805 3512; x_wconf 85' lang='lat' dir='ltr'><strong>agendus</strong></span> <span class='ocrx_word' id='word_1_189' title='bbox 828 3431 897 3494; x_wconf 88' lang='lat' dir='ltr'><strong>crit.</strong></span> 
     </span>
     <span class='ocr_line' id='line_1_34' title="bbox 165 3510 1066 3598; baseline -0.001 -21"><span class='ocrx_word' id='word_1_190' title='bbox 165 3511 298 3577; x_wconf 92' lang='lat' dir='ltr'><strong>Dulcius</strong></span> <span class='ocrx_word' id='word_1_191' title='bbox 320 3514 397 3579; x_wconf 92' lang='lat' dir='ltr'><strong>urbe</strong></span> <span class='ocrx_word' id='word_1_192' title='bbox 421 3513 496 3598; x_wconf 91' lang='lat' dir='ltr'><strong>quid</strong></span> <span class='ocrx_word' id='word_1_193' title='bbox 518 3510 589 3577; x_wconf 77' lang='lat' dir='ltr'><strong>est?</strong></span> <span class='ocrx_word' id='word_1_194' title='bbox 622 3533 664 3575; x_wconf 90' lang='lat' dir='ltr'><strong>an</strong></span> <span class='ocrx_word' id='word_1_195' title='bbox 686 3512 761 3575; x_wconf 87' lang='lat' dir='ltr'><strong>villa</strong></span> <span class='ocrx_word' id='word_1_196' title='bbox 783 3514 825 3577; x_wconf 85' lang='lat' dir='ltr'><strong>sit</strong></span> <span class='ocrx_word' id='word_1_197' title='bbox 846 3519 920 3597; x_wconf 86' lang='lat' dir='ltr'><strong>apta</strong></span> <span class='ocrx_word' id='word_1_198' title='bbox 940 3514 1066 3598; x_wconf 88' lang='lat' dir='ltr'><strong>puellae</strong></span> 
     </span>
    </p>
   </div>
   <div class='ocr_carea' id='block_1_8' title="bbox 0 0 1156 3922">
    <p class='ocr_par' dir='ltr' id='par_1_8' title="bbox 0 0 1156 3922">
     <span class='ocr_line' id='line_1_35' title="bbox 0 0 1156 3922; baseline 0 0"><span class='ocrx_word' id='word_1_199' title='bbox 0 0 1156 3922; x_wconf 95' lang='lat' dir='ltr'><strong> </strong></span> 
     </span>
    </p>
   </div>
   <div class='ocr_carea' id='block_1_9' title="bbox 96 3850 181 3902">
    <p class='ocr_par' dir='ltr' id='par_1_9' title="bbox 96 3850 181 3902">
     <span class='ocr_line' id='line_1_36' title="bbox 96 3850 181 3902; baseline 0 0"><span class='ocrx_word' id='word_1_200' title='bbox 96 3850 181 3902; x_wconf 51' lang='grc' dir='ltr'>Ἢ</span> 
     </span>
    </p>
   </div>
  </div>
 </body>
</html>
