2302 3922
93 215 155 280 100
476 221 670 277 sacratarn
994 224 1058 298 [111.

109 395 143 445 το
199 383 269 449 Η66
291 403 352 468 ego
373 386 407 447 te
429 384 498 448 sola
520 384 592 470 lege
614 384 733 450 redisse
754 383 859 468 velim,

156 468 317 550 Armaque
339 488 412 533 cum
433 468 536 532 tulero
557 473 669 553 portae
690 469 796 533 votiva
816 467 970 555 Capenae,

199 550 403 617 Subscribam
425 552 525 616 ‘salvo
547 556 640 638 grata
661 553 767 637 puella
787 553 875 618 viro?

505 676 645 686 .-—..—

531 750 612 823 llll.

157 871 221 936 'lar
244 873 327 936 eium
349 893 460 937 nemus
483 877 515 937 61
538 873 690 957 Tarpeiae
716 876 731 938 t
793 895 809 938 e
831 873 1036 958 sepulchrum

200 895 305 1021 111161
326 959 359 1021 61
380 958 503 1040 antiqui
524 957 636 1022 limina
658 961 750 1042 capta
788 958 867 1023 ovis,

160 1039 263 1105 Lucus
287 1043 355 1105 erat
375 1041 453 1105 felix
474 1041 628 1106 hederoso
652 1041 798 1107 conditus
820 1046 927 1125 antro,

200 1124 363 1209 Multaque
385 1125 501 1189 nativis
523 1125 681 1210 obstrepit
702 1126 796 1190 arbor
817 1127 921 1209 aquis,

134 1207 288 1274 ssilveni
309 1230 436 1273 ramosa
456 1209 585 1293 domus,
610 1231 672 1293 quo
695 1211 795 1275 dulcis
817 1211 858 1275 ab
881 1213 971 1277 aestu

200 1293 325 1358 Fistula
344 1297 474 1377 poturas
494 1294 541 1359 ire
562 1293 691 1358 iubebat
712 1316 798 1360 oves.

158 1377 255 1441 Hunc
276 1378 387 1442 Tatius
409 1378 532 1443 fontem
554 1379 638 1443 vallo
660 1378 840 1463 praecingit
861 1399 985 1463 acerno,

201 1461 342 1544 Fidaque
364 1464 517 1545 suggesta
539 1465 641 1526 castra
663 1466 796 1527 coronat
815 1462 923 1527 humo.

160 1544 243 1620 Quid
256 1547 326 1608 111111
347 1544 450 1608 Roma
471 1545 548 1627 fuit,
570 1546 700 1610 tubicen
721 1547 826 1611 vicina
847 1546 971 1612 Curetis

111 1641 144 1690 10
200 1629 279 1693 Cum
302 1630 447 1710 quateret
467 1628 554 1692 lento
576 1651 736 1693 murmure
758 1630 949 1712 6611616116,

160 1713 267 1795 Atque
288 1711 344 1775 ubi
363 1733 449 1776 nunc
470 1712 564 1775 terris
586 1712 733 1776 dicuntur
753 1715 823 1778 iura
844 1715 993 1799 subactis,

202 1795 337 1861 Stabant
356 1794 500 1859 Romano
522 1796 589 1879 pila
610 1794 729 1861 Sabina
748 1798 843 1862 foro?

160 1881 270 1944 Murus
292 1882 384 1944 erant
403 1883 544 1945 montes:
576 1876 631 1946 ubi
651 1902 738 1946 nunc
760 1885 808 1946 est
829 1883 915 1948 611116
937 1885 1054 1969 saepta,

202 1964 341 2030 Bellicus
363 1986 402 2030 ex
422 1965 478 2029 1116
501 1965 592 2030 fonte
614 1964 744 2031 bibebat
765 1988 872 2050 equus.

113 2063 145 2112 15
160 2049 246 2114 Hinc
268 2049 404 2134 Tarpeia
425 2049 502 2114 deae
523 2051 648 2115 fontem
669 2050 794 2115 libavit:
817 2055 851 2115 at
872 2051 920 2115 illi

202 2134 347 2218 Vrgebat
366 2134 506 2198 medium
527 2135 634 2200 fictilis
647 2157 728 2198 urna
749 2139 852 2219 caput.

161 2219 206 2284 Et
227 2218 304 2283 satis
325 2240 390 2282 una
411 2220 512 2283 malae
534 2220 640 2303 potuit
660 2240 746 2284 mors
769 2241 838 2284 esse
859 2220 994 2305 puellae,

204 2303 290 2378 Quae
311 2303 414 2367 voluit
434 2303 577 2367 flammas
598 2303 724 2386 fallere,
747 2303 857 2384 Vesta,
878 2304 972 2369 tuas?

161 2387 253 2453 Vidit
273 2387 415 2452 arenosis
438 2387 564 2452 Tatium
585 2388 753 2471 proludere
776 2409 844 2453 66111
868 2388 896 2452 16

113 2485 147 2535 20
202 2471 356 2554 Pictaque
377 2493 435 2556 per
456 2470 552 2535 flavas
575 2493 663 2534 arma
685 2472 792 2536 levare
813 2411 916 2536 iubes:

162 2555 336 2639 Obstupuit
356 2577 390 2620 re
417 2556 442 2619 ‘s
463 2555 544 2620 facie
566 2558 598 2621 61
618 2556 780 2640 regalibus
801 2557 905 2639 armis,

203 2639 353 2723 Interque
376 2661 394 2704 ο
417 2640 491 2704 litas
514 2639 630 2706 excidit
651 2662 731 2704 urna
748 2663 870 2705 manus.

163 2725 222 2789 Sae
246 2745 263 2786 e
284 2724 340 2786 illa
361 2724 526 2788 inmeritae
548 2727 709 2790 6611661661
729 2725 836 2787 omina
856 2724 959 2806 lunae,

234 2809 249 2868 1
270 2806 330 2870 sibi
352 2807 544 2890 tinguendas
567 2807 647 2872 dixit
668 2808 703 2870 in
724 2827 816 2870 amne
839 2825 959 2868 comas:

114 2906 147 2955 25
162 2891 263 2972 Saepe
283 2889 360 2952 tulit
379 2888 505 2953 blandis
528 2894 681 2976 argentea
702 2889 769 2953 lilia
790 2887 959 2972 Nymphis,

204 2972 341 3040 Romula
361 2994 402 3037 ne
423 2972 539 3037 faciem
560 2975 697 3039 laederet
717 2972 809 3036 hasta
829 2973 917 3037 Tati:

163 3061 310 3143 Dumque
333 3057 419 3122 subit
439 3057 542 3140 primo
566 3057 723 3154 Capitolia
744 3057 855 3122 nubila
875 3057 974 3142 fumo,

204 3142 342 3210 Rettulit
361 3140 493 3207 hirsutis
513 3140 643 3205 brach1a
664 3144 751 3206 secta
770 3143 874 3225 rubis,

163 3228 208 3292 Et
229 3250 287 3293 sua
308 3227 443 3312 Tarpeia
462 3225 604 3291 residens
625 3225 671 3290 116
691 3226 779 3291 flevit
800 3228 840 3292 ab
862 3249 934 3293 6166

115 3325 149 3374 30
204 3311 362 3397 Volnera,
384 3311 490 3376 vicino
512 3332 579 3376 non
600 3310 751 3394 patienda
771 3310 855 3376 Iovi:

165 3395 193 3459 ‘l
241 3417 274 3460 66
298 3399 473 3461 castrorum
496 3399 527 3461 et
548 3396 658 3460 Tatiae
680 3396 839 3480 praetoria
859 3399 983 3463 turmae

237 3483 252 3542 t
272 3479 413 3545 formosa
435 3480 534 3546 oculis
556 3502 644 3546 arma
666 3479 784 3546 Sabina
804 3481 893 3564 meis,
