2302 3922
106 252 128 313 4
502 250 695 305 PROPERTII
1009 250 1071 320 [ΙΙΙ.

213 416 308 480 Nunc
329 413 448 477 furtiva
469 412 554 476 cavis
576 432 672 494 poma
693 410 807 474 dabam
827 411 985 494 manibus,

121 514 155 563 25
171 499 347 580 Omniaque
369 497 496 580 ingrato
519 496 660 578 largibar
681 515 813 557 munera
835 515 958 577 somno,

213 582 347 646 Munera
368 581 406 643 de
428 600 530 662 prono
553 600 647 661 saepe
668 578 777 642 voluta
799 578 885 662 sinu3

170 666 215 731 Et
237 664 383 748 quotiens
404 685 475 727 raro
499 663 589 725 duxti
611 662 747 745 suspiria
768 664 867 743 motu,

215 747 373 831 Obstupui
394 768 476 810 vano
500 746 645 810 credulus
668 746 819 829 auspicio,

171 833 222 897 Ne
244 854 286 895 ua
306 832 365 894 tibi
386 831 534 894 insolitos
556 833 721 913 portarent
741 829 809 892 visa
829 829 971 913 timores,

123 932 157 978 so
247 937 303 979 eve
325 916 394 997 quis
416 915 550 977 invitam
573 916 702 997 cogeret
722 934 790 976 esse
813 935 917 977 suam:

173 1000 285 1064 Donec
307 1000 445 1062 diversas
467 1018 654 1081 percurrens
677 997 753 1060 luna
773 998 941 1079 fenestras,

214 1084 305 1147 Luna
327 1083 494 1146 moraturis
516 1081 625 1144 sedula
646 1081 830 1164 luminibus,

174 1166 367 1251 Conpositos
389 1166 511 1230 levibus
532 1165 629 1227 radiis
651 1166 802 1248 patefecit
823 1166 949 1228 ocellos.

215 1250 268 1314 Sic
290 1251 336 1314 ait
357 1252 392 1313 10
411 1249 502 1313 molli
523 1249 586 1311 fixa
607 1252 677 1311 toro
701 1250 856 1312 cubitum:

124 1348 157 1395 35
174 1335 333 1397 ‘Tandem
354 1337 386 1396 te
409 1338 519 1396 000110
540 1332 681 1395 referens
702 1332 819 1396 iniuria
839 1334 922 1396 lecto

215 1418 358 1480 Alterius
380 1416 494 1478 clausis
517 1416 638 1497 expulit
659 1437 676 1478 e
697 1417 841 1479 foribus?

173 1501 319 1581 Namque
329 1498 383 1561 ubi
390 1499 581 1581 longameae
594 1500 790 1581 consumpsti
801 1503 945 1583 tempora
955 1498 1069 1581 noctis,

215 1581 399 1664 Languidus
421 1581 549 1662 exactis,
573 1581 602 1643 ei
624 1580 712 1657 mihi,
736 1582 912 1645 sideribus?

174 1666 201 1731 Ο
223 1666 345 1729 utinam
366 1664 446 1727 tales
467 1664 632 1746 producas,
653 1664 796 1746 inprobe,
817 1669 938 1746 noctes,

126 1764 160 1812 40
215 1749 268 1812 Me
290 1749 438 1811 miseram
460 1747 569 1829 quales
591 1768 715 1828 semper
735 1747 852 1810 habere
873 1748 977 1811 iubes!

174 1833 258 1897 Nam
285 1832 379 1894 modo
407 1851 564 1916 purpureo
585 1830 735 1894 fallebam
757 1831 891 1893 stamine
913 1851 1069 1913 somnum,

217 1916 337 1979 Rursus
359 1917 392 1978 et
413 1914 558 1998 Orpheae
582 1913 719 1978 carmine
741 1915 858 1977 fessal
895 1935 946 1978 ae:

154 2001 317 2065 Interdum
338 1998 450 2063 leviter
471 2020 595 2063 mecum
617 1998 741 2062 deserta
763 2020 857 2081 quere
881 2021 915 2061 ar

216 2084 358 2147 Externo
380 2083 493 2167 longas
516 2104 610 2166 saepe
631 2082 666 2144 in
688 2103 794 2146 amore
816 2105 931 2165 moras,

127 2182 159 2231 45
174 2168 259 2232 Dum
281 2190 331 2232 me
353 2167 498 2231 iucundis
520 2168 642 2250 lapsam
664 2187 759 2249 sopor
780 2167 897 2248 inpulit
918 2167 985 2230 alis.

218 2252 278 2316 Illu
299 2253 360 2315 fuit
381 2252 518 2315 lacrimis
541 2251 652 2313 ultima
674 2272 748 2313 cura
769 2251 872 2314 meis.’

177 2586 260 2663 Quid
281 2586 360 2649 mihi
381 2588 448 2649 tam
469 2587 585 2650 multas
608 2586 777 2670 laudando,
798 2586 906 2669 Basse,
929 2585 1051 2668 puellas

218 2670 377 2734 Mutatum
398 2670 527 2734 domina
548 2671 637 2755 cogis
660 2672 746 2734 abire
767 2671 859 2734 mea?

179 2754 260 2831 Quid
280 2775 331 2817 me
353 2775 419 2818 000
440 2755 558 2837 pateris
579 2754 663 2818 vitae
685 2754 904 2837 quodcumque
926 2756 1072 2834 sequetur

219 2837 291 2901 Hoc
312 2838 415 2921 magis
438 2838 567 2902 adsueto
590 2838 704 2902 ducere
726 2837 878 2900 servitio?

150 2922 229 2984 cTu
251 2921 326 2983 licet
349 2921 506 3004 Antiopae
528 2923 663 2985 formam
684 2920 858 3003 Nycteidos
880 2922 913 2982 et
933 2921 969 2981 tu

219 3004 392 3087 Spartanae
413 3005 531 3068 referas
553 3006 698 3068 laudibus
720 3004 921 3087 Hermionae,

177 3088 221 3152 Et
243 3110 456 3171 quascumque
477 3089 552 3152 tulit
572 3089 705 3153 formosi
725 3088 879 3171 temporis
899 3090 999 3152 aetas:

222 3171 360 3254 Cynthia
380 3194 448 3236 non
469 3173 540 3236 illas
561 3194 680 3236 nomen
701 3171 819 3236 habere
841 3172 933 3255 sinet,

179 3256 314 3339 Nedum,
337 3257 365 3319 01
386 3257 508 3321 levibus
529 3258 626 3320 fuerit
647 3256 762 3320 collata
782 3256 903 3341 figuris,

133 3353 165 3402 10
221 3340 359 3405 Inferior
380 3341 458 3405 duro
480 3341 582 3405 iudice
603 3340 705 3424 turpis
728 3344 787 3405 eat.

179 3423 266 3487 Haec
288 3424 344 3489 sed
364 3425 469 3490 forma
490 3425 553 3487 mei
574 3446 647 3507 pars
669 3429 719 3488 est
739 3430 879 3490 extrema
898 3423 1031 3489 furoris:

221 3507 303 3573 Sunt
323 3510 455 3593 maiora,
479 3508 602 3592 quibua,
624 3508 733 3592 Basse,
755 3511 858 3593 perire
879 3511 976 3590 iuvat,
