2302 3922
93 210 136 275 12
499 214 643 269 1111111
1006 212 1054 287 [1.

156 376 256 460 Saepe
279 399 338 461 ego
360 376 512 460 temptavi
535 397 625 439 curas
647 375 801 459 depellere
823 375 914 440 vino:

198 463 244 523 At
265 461 355 523 dolor
375 461 410 523 in
432 461 578 523 lacrimas
600 462 735 523 verterat
757 480 850 523 omne
871 480 1002 522 merum.

156 544 256 627 Saepe
278 544 372 607 aliam
393 544 495 607 tenui:
526 544 579 607 sed
602 543 665 607 iam
688 565 759 607 cum
803 543 895 607 audie
916 542 1052 626 adirem,

105 640 140 689 40
196 627 373 691 Admonuit
394 627 539 691 dominae
562 627 760 709 deseruitque
813 648 900 690 enus.

155 710 316 774 Γ1111111111
339 710 502 774 discedens
525 711 672 774 devotum
693 710 812 774 femina
834 710 915 774 dixit

198 794 241 879 (A
285 794 373 880 udet)
397 799 429 858 et
450 798 560 858 narrat
581 795 661 858 scire
682 794 821 857 nefanda
842 815 954 858 11111111.

154 876 231 943 Non
267 878 330 941 acit
350 877 412 942 hoc
433 879 553 960 verbis,
578 878 658 942 facie
680 879 858 959 tenerisque
880 877 1008 940 lacertis

196 960 340 1026 Devovet
362 965 394 1026 11
413 961 504 1025 flavis
525 965 635 1025 nostra
655 961 762 1045 puella
784 961 892 1024 cornis.

105 1058 138 1108 45
154 1046 240 1109 Talis
263 1045 303 1108 ad
324 1045 537 1110 Haemonium
558 1045 671 1110 Nereis
693 1044 788 1109 Pelea
810 1043 969 1127 quondam

195 1129 328 1194 Vectast
348 1130 472 1194 frenato
496 1130 620 1193 caerula
663 1130 727 1192 isee
749 1127 868 1192 Thetis.

154 1214 242 1278 Haec
256 1235 393 1277 nocuere
406 1214 500 1296 mihi,
517 1213 600 1296 quod
615 1152 705 1277 adest
716 1212 792 1295 huic
806 1211 892 1275 dives
911 1213 1050 1274 amat-cr:

197 1297 295 1361 Venit
315 1298 350 1359 in
372 1298 501 1360 exitium
524 1297 640 1361 callida
660 1297 732 1360 lena
753 1318 867 1360 meum.

157 1381 355 1464 Sanguineas
376 1380 449 1442 edat
469 1380 525 1442 illa
546 1381 641 1462 dapes
664 1382 758 1461 atque
781 1401 834 1443 ore
857 1380 986 1443 cruento

105 1478 139 1526 50
195 1464 312 1526 Tristia
334 1483 405 1526 cum
427 1463 527 1525 multo
549 1464 665 1545 pocula
685 1463 759 1526 felle
781 1463 884 1527 bibat:

154 1547 248 1610 Hanc
270 1546 405 1609 volitent
426 1545 550 1608 animae
573 1546 691 1608 circum
718 1567 774 1608 sua
795 1545 862 1609 fata
883 1548 1051 1628 querentes

197 1629 327 1711 Semper
348 1632 381 1693 et
402 1651 418 1692 e
439 1630 531 1692 tectis
554 1628 632 1691 strix
653 1629 793 1692 violenta
817 1634 925 1692 canat:

154 1713 229 1796 Ipsa
250 1713 334 1776 fame
356 1713 537 1775 stimulante
559 1713 668 1775 furens
689 1710 864 1794 herbasque
887 1711 1039 1794 sepulcris

197 1797 335 1871 Quaerat
356 1799 388 1859 et
408 1817 428 1859 a
449 1795 550 1859 saevis
573 1816 645 1859 assa
666 1794 777 1857 relicta
798 1795 898 1878 lupis,

104 1894 137 1941 55
154 1878 268 1944 (lucrat
289 1883 322 1943 et
342 1879 526 1964 inguinibus
548 1879 641 1942 nudis
664 1878 825 1962 ululetque
847 1901 903 1962 per
925 1878 1034 1963 urbes,

195 1964 277 2028 Post
298 1967 372 2048 agat
394 1986 410 2027 e
432 1964 533 2028 triviis
555 1985 666 2047 aspera
686 1963 779 2026 turba
801 1984 924 2027 canum.

153 2047 325 2113 Evenient:
349 2048 404 2111 dat
425 2048 518 2133 signa
539 2048 632 2112 deus:
655 2051 729 2112 sunt
749 2048 882 2113 numina
902 2047 1036 2130 amanti,

199 2131 306 2196 Saevit
327 2135 360 2195 et
381 2132 498 2196 iniusta
519 2132 590 2217 lege
611 2132 723 2196 relicta
743 2131 860 2196 Venus.

154 2217 200 2279 At
220 2220 255 2279 tu
278 2238 373 2300 quam
394 2218 531 2299 primum
554 2239 648 2302 sagae
670 2220 840 2301 praecepta
860 2216 981 2299 rapacis

105 2313 139 2362 11
158 2346 161 2351 -
195 2298 328 2365 Desere:
350 2324 425 2364 nam
448 2302 539 2364 donis
560 2301 697 2364 vincitur
719 2301 822 2364 omnis
845 2321 942 2362 arnor.

154 2383 278 2467 Pauper
300 2386 360 2448 erit
380 2388 506 2468 praesto
530 2405 595 2446 sem
619 2406 653 2447 er
673 2384 747 2463 tibi,
770 2403 889 2463 pauper
911 2380 1010 2443 adibit

196 2467 322 2531 Primus
345 2472 377 2530 et
397 2468 431 2530 in
452 2471 562 2530 tenero
584 2407 664 2528 drus
687 2466 747 2527 erit
767 2465 880 2544 latere,

152 2549 278 2632 Pauper
299 2551 333 2612 in
355 2553 490 2634 angusto
512 2548 593 2611 fidus
615 2568 721 2610 comes
743 2546 870 2629 agmine
892 2544 1003 2609 turbae

200 2633 401 2714 Subicietque
423 2653 535 2695 manus
557 2631 734 2712 efficietque
755 2631 854 2712 viam,
1005 2636 1009 2643 '

106 2729 139 2778 11
153 2716 221 2780 Pau
246 2737 279 2779 er
301 2715 342 2777 ad
362 2716 504 2779 occultos
525 2714 636 2777 furtim
659 2713 792 2777 deducet
813 2714 932 2777 amicos

227 2799 373 2880 inclaque
396 2799 434 2861 de
455 2799 547 2861 niveo
571 2796 715 2860 detrahet
735 2798 803 2880 ipse
824 2798 914 2882 pede.

153 2881 226 2947 Heu
248 2881 388 2944 canimus
410 2883 541 2963 frustra,
563 2903 623 2945 nec
644 2881 748 2945 verbis
770 2882 854 2945 victa
874 2883 1010 2966 patescit

195 2966 309 3047 Ianua,
331 2964 386 3028 sed
410 2965 537 3048 plenast
558 2966 761 3049 percutienda
781 2988 887 3030 manu.

154 3051 201 3113 At
220 3052 271 3131 tu,
295 3048 348 3131 qui
369 3049 475 3131 potior
496 3071 581 3114 nunc
604 3071 654 3132 es,
676 3071 748 3113 mea
768 3049 835 3114 fata
856 3051 984 3115 timeto:

105 3146 139 3196 70
195 3132 349 3197 Versatur
371 3133 464 3197 celeri
486 3132 566 3197 Fors
587 3133 665 3197 levis
688 3133 764 3197 orbe
785 3137 882 3198 rotae.

154 3215 230 3282 Non
252 3217 369 3280 frustra
391 3217 517 3300 quidam
539 3218 603 3282 iam
624 3240 708 3281 nunc
730 3218 765 3280 in
786 3218 895 3281 limine
916 3220 1039 3302 perstat

196 3299 331 3365 Sedulus
353 3302 385 3364 et
407 3301 516 3364 crebro
559 3302 692 3385 respicit
714 3323 751 3365 ac
772 3302 906 3386 refugit,

153 3384 198 3449 Et
220 3384 348 3449 simulat
368 3385 502 3449 transire
546 3407 667 3466 omum,
689 3406 764 3449 mox
784 3385 896 3449 deinde
916 3383 1049 3448 recurrit

197 3467 289 3533 Solus
313 3470 345 3531 11
366 3471 439 3532 aute
461 3470 547 3553 ipsas
569 3471 693 3533 excreat
713 3490 812 3553 usque
833 3469 927 3532 fores.

132 3798 226 3876 ἢ
