2302 3922
121 209 164 275 80
498 212 691 270 Pnornnrn
1010 216 1084 289 [m

184 378 231 442 At
251 397 343 440 mons
364 375 521 460 laurigero
544 397 716 441 concussus
738 377 854 442 vertice
876 376 961 442 diras

228 459 350 524 Gallica
371 458 529 524 Parnasus
552 461 669 543 sparsit
688 462 723 524 in
745 482 834 524 arma
854 461 953 526 nives.

136 557 169 608 00
184 543 229 608 Te
251 543 353 607 scelus
375 546 505 626 accepto
527 543 659 608 Thracis
680 544 908 627 Polymestoris
930 566 1007 610 auro

227 627 337 690 Nutrit
358 627 393 690 in
415 626 554 710 hospitio
576 648 657 711 non,
680 628 852 711 Polydore,
897 629 938 692 10.

185 710 235 774 Tu
250 730 389 793 000000,
405 713 442 774 ut
455 713 582 775 auratos
596 732 736 858 ffieres'
752 651 920 810 Eriphyla,
935 713 1081 797 lacertos,

227 792 368 876 Dilapsis
388 797 577 877 nusquamst
659 794 809 877 phiarans
831 816 928 879 equ1s.

185 877 370 960 Proloquar,
381 881 475 960 atque
485 879 608 941 utinam
618 879 739 962 patriae
751 879 812 943 sim
825 900 924 944 vanus
932 883 1080 964 aruspex!

140 976 174 1025 00
230 961 402 1046 Frangitur
423 963 492 1045 ipsa
514 963 579 1025 suis
600 961 703 1025 Roma
724 963 859 1047 superba
879 963 981 1028 bonis.

187 1044 283 1112 Certa
308 1046 435 1129 loquor,
464 1045 520 1111 sed
547 1046 637 1110 nulla
662 1045 756 1112 fides:
786 1067 889 1194 nplque
912 1047 997 1112 enim
1018 1046 1082 1113 Ilia

750 1151 814 1195 uon
837 1153 888 1194 am

228 1212 335 1279 Verax
355 1213 417 1278 Per
440 1214 537 1279 erneis
560 1214 691 1279 Maenas
713 1151 859 1279 hibenda
878 1215 982 1278 malis.

187 1297 263 1363 Sola
283 1297 382 1362 Parin
401 1236 559 1384 Plirygiao
583 1299 686 1363 fatum
707 1319 902 1382 conponere,
924 1299 993 1362 sola

228 1381 388 1445 Fallaccm
409 1383 531 1464 patriae
553 1403 679 1465 serpere
701 1382 781 1446 dixit
802 1403 903 1464 aqum.

137 1464 244 1529 051110
265 1465 354 1528 furor
374 1466 497 1546 patriae
519 1465 581 1529 fuit
601 1465 704 1546 utilis,
727 1466 782 1529 ille
803 1466 944 1549 parenti:

228 1547 400 1630 Expertast
420 1568 511 1611 veros
533 1548 624 1611 irrita
646 1547 756 1630 lingua
777 1548 864 1613 deos.

485 1757 574 1830 xm
600 1753 744 1858 [000.

187 1881 290 1947 Μο110
309 1883 397 1964 1000,
420 1878 548 1977 Sparte,
571 1880 722 1944 miramur
743 1880 813 1943 iura
832 1880 1025 1965 palaestrae,

230 1966 291 2031 Sed
312 1985 404 2050 mage
425 1965 562 2050 vrrginei
581 1967 632 2028 tot
652 1964 737 2028 bona
757 1965 931 2048 gymnasii,

189 2050 281 2124 Quod
301 2070 368 2113 non
389 2048 525 2114 infames
546 2050 672 2114 exercet
693 2069 824 2131 corpore
845 2048 936 2113 ludos

229 2133 318 2198 Inter
338 2134 495 2198 luctantes
515 2133 603 2197 nuda
623 2133 729 2216 puella
749 2132 850 2216 viros,

161 2215 274 2283 scum
295 2217 362 2300 pila
383 2218 508 2282 veloces
530 2217 615 2281 fallit
636 2238 693 2300 per
714 2215 842 2281 brachia
863 2216 979 2300 iactus,

230 2301 322 2365 incre
347 2302 381 2365 at
402 2305 434 2365 et
454 2301 537 2365 versi
559 2301 656 2365 clavis
678 2300 802 2366 adunca
821 2300 939 2383 trochi,

187 2324 472 2468 Pulverulenteque
500 2384 540 2448 ad
561 2387 716 2448 extremas
739 2386 803 2448 stat
823 2384 942 2448 femina
964 2385 1082 2468 metas,

228 2468 274 2533 Et
293 2469 414 2552 patitur
435 2468 512 2531 duro
534 2468 663 2532 volnera
683 2468 864 2551 pancrati0,

187 2551 282 2617 Nunc
310 2553 390 2636 ligat
417 2552 457 2615 ad
479 2555 620 2616 caestum
665 2551 815 2615 audentia
837 2548 968 2614 brachia
989 2551 1082 2634 loris,

140 2648 172 2698 10
228 2635 351 2699 Missile
371 2656 458 2699 nunc
480 2635 559 2699 disci
579 2572 704 2719 pondus
726 2634 761 2698 in
782 2633 858 2698 orbe
879 2636 979 2717 rotat,

189 2718 310 2802 syrum
330 2717 437 2801 pulsat
458 2719 561 2801 00010,
583 2719 710 2783 niveum
731 2718 814 2780 latus
836 2737 911 2780 ense
932 2717 1084 2801 revincit,

230 2801 482 2885 Virgineumque
504 2823 581 2865 cavo
603 2800 744 2885 protegit
764 2821 836 2864 aere
859 2804 968 2884 caput,

189 2883 297 2961 Qualis
318 2883 551 2948 Amazonidum
566 2885 698 2948 nudatis
719 2883 834 2947 bellica
854 2883 1001 2949 mammis

230 2967 526 3032 Thermodontiacis
547 2968 641 3032 turba
662 2967 785 3032 lavatur
807 2969 913 3052 aquis,

141 3065 172 3116 15
186 3052 231 3118 Et
251 3052 346 3116 modo
369 3051 517 3135 Taygeti,
541 3053 643 3116 crines
665 3050 815 3134 adspersa
835 3052 965 3136 pruina,

232 3135 377 3202 Sectatur
396 3135 516 3219 pahios
537 3156 595 3218 per
616 3134 692 3219 iuga
712 3135 813 3220 longa
835 3156 943 3220 canes3

190 3220 299 3296 Qualis
320 3224 353 3286 et
373 3220 512 3284 Eurotae
534 3219 649 3283 Pollux
671 3222 703 3283 et
724 3218 836 3286 Castor
857 3218 1000 3303 harenis,

231 3303 294 3368 Hic
315 3306 418 3369 victor
437 3304 569 3389 pugnis,
593 3303 647 3366 ille
668 3303 793 3369 futurus
815 3303 918 3387 equis,

189 3388 278 3452 Inter
300 3410 378 3472 quos
400 3387 522 3452 Helene
543 3387 637 3453 nudis
659 3409 770 3472 capere
792 3409 879 3452 arma
899 3386 1028 3472 papillis

140 3484 174 3534 20
230 3472 343 3537 Fertur
362 3493 422 3538 nec
443 3472 556 3538 fratres
578 3471 738 3538 erubuisse
760 3471 846 3541 deos.
