2302 3922
279 887 335 971 ttlt
362 884 522 968 littltts
549 882 859 969 ttltlllttttls

427 1015 522 1080 brevis
546 1023 708 1095 disputatio.

141 1192 258 1248 Praeter
273 1193 374 1247 librum
389 1189 589 1247 THUANEUM
605 1189 692 1265 (nunc
709 1193 738 1246 in
750 1190 918 1247 bibliotheca
934 1193 1013 1265 regia
1028 1194 1077 1249 Pa·

54 1275 171 1331 risiensi
193 1292 221 1333 n.
243 1271 344 1349 8071),
366 1275 412 1346 qui
434 1277 505 1330 inter
526 1276 582 1330 alia
599 1276 685 1331 latina
706 1276 830 1332 carmina
850 1276 933 1331 etiam
949 1275 1078 1333 Catullia-

57 1376 122 1414 num
139 1359 212 1414 LXII
226 1362 349 1415 continet
364 1360 467 1430 quique
484 1361 598 1414 saeculo
614 1359 640 1412 X
657 1360 777 1431 scriptus
793 1359 971 1432 perhibetur,
986 1363 1078 1418 nullus

57 1450 132 1499 extat
146 1445 218 1499 liber
234 1442 417 1511 Catullianus,
442 1443 489 1514 qui
507 1442 629 1498 medium
646 1446 790 1499 saeculum
804 1443 869 1499 xlv
886 1445 1009 1517 superet.
1043 1445 1077 1502 Hi

58 1528 131 1596 libri,
156 1527 333 1598 quiquidem
352 1529 453 1599 integri
472 1527 563 1583 collati
582 1535 646 1582 sunt
661 1529 729 1582 etin
744 1544 836 1583 meam
852 1535 990 1584 venerunt
1003 1531 1077 1585 noti·

58 1615 139 1678 tiam,
154 1613 184 1666 in
200 1612 255 1666 duo
271 1628 377 1683 genera
392 1609 538 1666 dividendi
547 1618 634 1680 sunt,
650 1619 738 1667 aetate
754 1611 894 1684 disparia,
913 1615 1077 1670 auctoritate

18 1717 21 1725 Δ
57 1696 110 1750 nisi
136 1695 212 1765 quod
233 1696 406 1767 interpolatis
424 1697 499 1750 nulla
520 1696 576 1750 lere
591 1695 664 1751 fides
679 1695 810 1752 habenda
825 1705 868 1753 est
881 1712 973 1769 paene
988 1699 1076 1769 paria

58 1795 150 1850 neque
168 1779 242 1834 enirn
263 1781 336 1835 ullus
352 1779 442 1835 codex
462 1786 606 1850 tantopere
623 1782 795 1852 praestantia
809 1797 861 1837 sua
877 1782 1001 1851 reliquos
1017 1783 1077 1836 vin·

59 1863 109 1931 cit,
126 1868 156 1917 ut
169 1863 200 1918 hi
217 1864 301 1934 plane
316 1863 505 1935 postponendi
525 1864 594 1931 sint,
609 1866 675 1935 quin
691 1866 774 1921 ctiam
786 1880 821 1920 ne
833 1866 1005 1937 interpolatis
1019 1867 1077 1936 qui-

60 1936 123 2002 dem
146 1963 263 2019 prorsus
288 1963 386 2002 carere
405 1948 516 2027 possis,
541 1949 673 2018 quoniam
695 1948 732 2004 ad
754 1949 868 2020 stirpem
891 1965 971 2003 suarn
986 1950 1077 2016 relati,

60 2031 180 2086 ducibus
197 2032 275 2086 libris
297 2047 352 2085 non
367 2031 555 2103 interpolatis,
572 2031 607 2086 de
622 2033 742 2088 lectione
759 2034 852 2104 aliqua
868 2033 915 2085 vel
934 2032 1077 2088 scribendi

59 2131 155 2169 errore
174 2115 344 2170 dubitantem
359 2115 523 2170 confirmant
543 2122 571 2170 et
591 2116 619 2170 in
637 2121 740 2171 rectam
760 2117 834 2170 viam
857 2114 1007 2173 deducunt.
1037 2116 1077 2171 De

59 2198 215 2270 Silligianis
232 2199 310 2255 libris
326 2215 355 2258 v.
371 2198 465 2256 Jahnii
484 2216 548 2255 ann.
566 2199 636 2268 XIll,
652 2217 680 2271 p.
697 2204 747 2260 261
766 2207 793 2255 et
804 2200 894 2258 Natat.
907 2197 989 2255 Univ.
1005 2200 1077 2255 Vra·

58 2284 113 2338 tisl.
133 2286 213 2342 1859.
236 2332 239 2337 .

213 2449 234 2504 1.
264 2448 311 2505 Ad
321 2452 405 2522 prices
417 2465 504 2524 penus
519 2450 659 2508 referendi
675 2457 738 2507 sunt
751 2450 780 2507 hi
796 2452 869 2508 libri.

145 2559 401 2620 GERMANENSIS
417 2563 467 2631 (G)
484 2563 549 2617 olim
572 2564 600 2617 in
614 2562 782 2618 bibliotheca
799 2559 829 2617 S.
847 2560 1029 2617 Germa-nemi
1047 2578 1075 2617 n.

60 2650 143 2713 1165,
160 2660 234 2699 nunc
249 2645 277 2698 in
293 2647 372 2717 regia
388 2647 553 2716 Parisiensi,
570 2648 800 2703 membranaceus
818 2647 907 2701 forma
917 2646 955 2700 IV
966 2647 1075 2702 maiori.

58 2730 85 2785 Is
103 2730 176 2783 inter
192 2745 291 2784 omnes
305 2731 390 2786 libros
407 2729 561 2802 buiadhuc
576 2732 668 2786 collati
686 2737 750 2786 sunt
764 2733 903 2802 longeest
917 2731 1075 2802 antiquissi-

59 2812 136 2882 mus,
150 2811 269 2883 scriptus
284 2815 358 2869 enim
372 2819 415 2870 est
430 2830 504 2870 anno
520 2819 596 2874 1375.
624 2814 672 2871 Ad
686 2816 841 2886 marginem
859 2821 886 2869 et
900 2815 969 2869 inter
984 2815 1075 2870 lineas

60 2912 162 2952 manus
178 2912 236 2950 non
251 2898 344 2954 minus
362 2899 475 2970 antiqua
494 2899 643 2955 lectionum
657 2899 808 2954 varietates
825 2898 984 2970 adscripsit,
1003 2916 1074 2971 quae

59 2982 212 3036 maximam
222 2988 328 3052 partem
341 2999 403 3038 cum
416 2983 458 3052 iis,
475 2999 544 3057 quas
558 2998 574 3036 e
585 2983 771 3038 Laurentiano
787 2984 910 3039 enotavit
923 2977 1075 3038 Lachman-

59 3081 128 3134 nus,
143 3066 328 3124 consentiunt.
357 3066 388 3121 In
400 3074 524 3123 extremo
541 3067 612 3122 libro
630 3074 694 3138 post
713 3081 829 3139 ,mersus
840 3068 944 3122 domini
953 3067 1074 3122 Benene·

58 3153 121 3205 nuti
133 3150 168 3205 dc
185 3149 421 3221 compeccantem
445 3152 573 3208 Vicencio
590 3151 624 3206 de
645 3154 847 3207 resurrectione
865 3151 964 3209 Catuli
972 3155 1089 3221 poetae

64 3233 251 3291 Ver-cnemis·
268 3250 339 3305 quos
355 3232 426 3290 intra
437 3252 549 3306 ponam,
561 3233 632 3290 haec
644 3235 785 3306 leguntur:
815 3234 857 3292 Tu
867 3235 951 3291 tector
961 3235 1080 3306 quiesco-1

58 3334 126 3390 que,
146 3317 188 3373 od
201 3319 279 3374 eidus
295 3333 394 3401 montes
408 3317 453 3374 bic
467 3320 570 3376 libellus
584 3317 733 3389 obvenerit,
753 3320 887 3392 scriptori
902 3319 940 3373 do
958 3317 1075 3382 waiam,
