2302 3922
103 242 151 315 n]
180 316 188 327 .
505 242 612 297 unm
632 242 654 299 1

106 402 154 466 Tu
175 404 284 467 tamen
306 403 465 467 abstineas
488 403 575 467 aliis:
597 426 672 468 nam
695 407 799 471 cetera
821 408 927 470 cernet

149 486 277 551 Omnia:
301 487 339 550 de
360 508 411 550 me
433 508 496 551 uno
519 488 635 550 sentiet
656 489 709 552 ille
730 488 821 553 nihil.

105 569 189 645 Quid
211 570 358 634 credam?
380 592 494 654 nempe
516 570 596 634 haec
610 572 720 635 eadem
735 594 768 637 se
784 573 864 636 dixit
878 593 1003 636 amores

148 652 300 718 Cantibus
322 656 377 716 aut
397 653 503 717 herbis
526 654 648 718 solvere
670 677 764 738 posse
785 678 887 740 meos,
1033 668 1066 717 60

105 736 150 801 Et
170 758 222 802 me
242 738 389 800 lustravit
408 737 526 820 taedis,
550 741 582 801 et
603 744 697 801 nocte
719 760 831 803 serena

148 819 297 885 Concidit
317 820 358 884 ad
379 821 521 904 magicos
543 820 647 885 hostia
668 823 756 905 pulla
778 823 863 887 deos.

105 904 182 969 Non
203 926 263 988 ego
285 906 371 968 totus
395 905 519 968 abesset
540 926 644 988 amor,
667 906 721 969 sed
743 912 870 970 mutuus
893 910 990 989 essct,

148 987 299 1069 Orabam,
321 1008 381 1050 nec
402 992 435 1051 te
456 1009 550 1070 posse
573 1010 678 1053 carere
700 989 805 1054 velim.

105 1070 237 1135 Ferreus
258 1072 312 1135 ille
333 1071 409 1151 fuit,
433 1071 541 1153 quite
563 1093 635 1136 cum
656 1076 765 1156 posset
786 1073 916 1156 habero,
1032 1084 1065 1135 65

146 1154 295 1218 Maluerit
316 1154 448 1237 praedas
471 1155 586 1219 stultus
609 1159 641 1218 ct
662 1178 751 1219 arma
772 1159 870 1241 sequi.

105 1238 165 1303 Ille
187 1238 262 1302 licet
284 1237 419 1303 Cilicum
441 1239 541 1302 victas
563 1243 639 1335 agat
660 1244 734 1304 ante
756 1245 913 1323 catervas,

147 1322 252 1386 Ponat
274 1326 307 1386 et
327 1322 361 1385 in
383 1324 475 1405 capto
498 1322 616 1386 Martia
638 1328 742 1388 castra
763 1326 847 1408 scic,

104 1405 204 1470 Totus
226 1409 259 1470 et
280 1409 413 1490 argento
436 1410 617 1489 contextus,
639 1412 725 1471 totus
748 1412 780 1472 et
802 1431 893 1492 aum,

145 1489 288 1554 Insideat
309 1490 402 1553 celeri
425 1491 666 1573 conspiciendus
689 1514 784 1639 essuQ
1032 1506 1065 1554 70

103 1572 177 1658 Ipse
199 1574 296 1638 boves
318 1596 389 1636 mea
411 1574 438 1635 si
459 1577 564 1637 tecum
585 1576 680 1640 modo
736 1577 797 1640 elia
817 1577 938 1660 possim

145 1657 281 1742 Iungere
304 1660 336 1721 et
357 1658 391 1720 in
414 1658 509 1721 solito
531 1668 659 1741 pascere
681 1664 789 1724 monte
811 1682 922 1743 pecus:

103 1740 147 1805 Et
168 1745 201 1804 te
223 1741 297 1804 dum
319 1740 551 1805 liceatteneris
572 1745 707 1808 retinere
730 1745 870 1827 lacertis,

149 1824 257 1888 Mollis
280 1828 312 1888 et
332 1825 453 1888 inculta
475 1826 517 1888 sit
538 1827 616 1890 mihi
639 1850 768 1892 somnus
790 1827 895 1891 humo.

104 1908 186 1985 Quid
207 1908 303 1991 Tyrio
326 1909 475 1973 recubare
497 1913 567 1973 toro
591 1912 658 1975 sine
681 1934 786 1975 amore
809 1913 946 1977 secundo
1031 1924 1063 1973 71

145 1991 293 2071 Prodest,
316 2013 387 2056 cum
409 1994 485 2057 fletu
506 2016 570 2056 nox
591 1995 754 2078 vigilanda
775 1996 884 2059 venit?

102 2074 188 2142 Nam
198 2097 300 2159 neque
314 2080 382 2140 tum
393 2078 520 2159 plumae
532 2100 591 2140 nec
603 2080 745 2163 stragula
755 2080 842 2162 picta
854 2102 1001 2163 soporem

144 2160 214 2224 Nec
235 2160 358 2224 sonibus
381 2161 524 2243 placidae
546 2161 659 2225 ducere
680 2166 790 2244 posset
811 2184 919 2245 aquae.

102 2243 190 2309 Num
211 2242 345 2308 Veneris
367 2266 502 2328 magnae
524 2245 640 2308 violavi
662 2246 794 2309 numina
816 2247 928 2330 verbo,

143 2328 187 2392 Et
207 2350 280 2391 mea
299 2350 384 2392 nuno
406 2350 525 2411 poenas
547 2329 635 2412 inpia
657 2330 766 2415 lingua
787 2330 869 2394 luit?
1028 2342 1063 2393 80

101 2410 189 2477 Num
210 2413 295 2476 feror
316 2413 455 2476 incestus
477 2413 566 2476 sedes
593 2414 707 2478 adiisse
730 2415 861 2478 deorum

31 2524 35 2531 ยน
144 2495 296 2580 Sertaque
317 2496 356 2560 de
379 2498 496 2560 sanetis
519 2497 693 2581 deripuisse
715 2498 818 2562 focis?

101 2578 177 2645 Non
199 2602 216 2644 e
240 2601 275 2661 0,
298 2580 325 2644 si
346 2582 462 2662 merui,
484 2581 625 2645 dubitem
646 2583 854 2666 procumbere
875 2582 1003 2665 templis

142 2662 187 2727 Et
208 2602 282 2727 <lara
304 2665 435 2728 sacratis
457 2666 565 2728 oscula
586 2667 765 2749 liminibus,

100 2745 177 2813 Non
200 2769 259 2832 ego
280 2748 428 2812 tellurem
449 2749 584 2832 genibus
606 2772 771 2834 perrepere
794 2752 928 2834 supplex
1027 2761 1059 2811 85

142 2830 187 2894 Et
207 2832 357 2895 miserum
379 2835 490 2896 sancto
512 2833 644 2898 tundore
665 2838 758 2917 poste
780 2840 883 2918 capnt.

100 2914 147 2978 At
166 2918 217 2998 tu,
241 2917 293 2998 qui
316 2916 417 2980 laetus
439 2916 523 2979 rides
545 2919 629 2980 mala
649 2922 774 3001 nostra,
798 2923 908 2982 caveto

142 2998 219 3063 Mox
240 2999 313 3063 tibi:
335 3021 403 3064 non
423 3000 480 3063 uni
501 3001 620 3065 saeviet
640 3023 740 3085 usque
762 3002 848 3065 deus.

100 3080 174 3147 Vidi
197 3104 272 3231 egoi
296 3085 351 3167 qui
372 3085 521 3148 iuvenum
543 3086 676 3149 miseros
698 3086 826 3149 lusisset
848 3107 986 3169 amores,

141 3166 220 3230 Post
272 3168 375 3231 oneris
397 3167 510 3231 vinclis
533 3169 665 3233 subdere
688 3170 770 3233 colla
792 3190 899 3233 senem
1025 3181 1059 3230 90

98 3248 143 3313 Et
163 3250 224 3314 sibi
246 3251 419 3314 blanditias
441 3253 576 3316 tremula
598 3274 778 3335 conponere
799 3273 876 3316 voce

138 3333 185 3398 Et
205 3335 353 3398 manibus
375 3356 469 3398 canas
490 3336 610 3420 fingere
632 3337 712 3399 velle
735 3356 857 3399 comas:

98 3416 191 3484 Stare
212 3439 272 3482 nec
293 3421 366 3482 ante
387 3420 472 3482 fores
493 3420 608 3501 puduit
629 3441 758 3483 caraeve
780 3419 904 3501 puellae

139 3502 302 3566 Ancillam
322 3502 428 3566 medio
450 3502 622 3566 detinuisse
643 3504 723 3568 foro,
