2302 3922
116 209 158 274 88
489 213 683 268 1110116111
979 216 1066 287 [xxi.

167 378 255 462 Ergo
291 396 350 460 ego
384 395 472 439 nuno
487 415 490 419 -
506 374 593 439 rudis
628 375 757 522 Αάτίἓοὶ
792 373 889 439 vehar
918 376 1066 458 aequoris

733 479 840 541 espec,

210 544 257 610 Co
281 565 316 606 ar
337 545 370 606 61
390 541 565 606 undisonos
587 564 674 607 nuno
694 564 788 625 prece
810 542 896 606 adire
919 541 1005 606 deos.

168 566 291 692 Deinde
312 647 369 710 per
390 624 516 690 Ionium
538 630 646 690 vectus
670 647 742 690 cum
763 626 848 690 fessa
869 625 1012 690 Lechaeo

119 726 153 774 10
210 711 335 775 Sederit
354 709 481 793 placida
502 709 573 773 vela
594 709 742 794 phaselus
765 731 861 793 aqua,

170 794 261 871 Quod
276 797 434 877 superest,
456 793 583 857 sufferte
597 794 708 876 pedes,
724 796 892 877 properate
906 793 1066 876 laborem,

211 878 352 942 Isthmos
375 899 436 960 qua
457 877 550 941 terris
572 880 660 941 arcet
680 880 848 961 utrumque
870 899 965 941 mare.

169 962 248 1027 Inde
269 963 325 1025 ubi
345 960 449 1026 Piraei
470 961 597 1044 capient
617 983 668 1024 me
690 961 799 1024 littora
820 963 944 1044 portus,

213 1045 368 1111 Scandam
390 1065 450 1128 ego
472 1043 612 1108 Theseae
633 1044 766 1108 brachia
786 1045 842 1108 lon
909 1045 986 1108 viae.

121 1143 154 1192 25
170 1130 241 1194 Illic
263 1132 318 1194 aut
338 1128 448 1193 stadiis
471 1128 612 1193 animum
634 1129 801 1193 emendare
822 1128 966 1192 Patonis

212 1214 368 1297 Incipiam
390 1215 445 1277 aut
464 1211 581 1295 hortis,
605 1212 697 1276 docte
718 1212 746 1276 Ε
770 1213 870 1294 ieure,
892 1212 970 1292 tuis,

170 1298 345 1381 Persequar
359 1300 415 1360 aut
428 1296 568 1360 studium
582 1297 627 1360 lin
674 1317 719 1378 ee,
764 1294 956 1360 emosthenis
969 1315 1068 1376 arma,

213 1381 399 1465 Libcboque
420 1384 507 1462 tuos,
531 1381 610 1445 scite
668 1380 821 1462 euandre,
844 1379 941 1463 sales;

171 1467 239 1530 Aut
260 1466 344 1529 certe
366 1463 491 1527 tabulae
514 1463 640 1545 capient
660 1485 732 1527 mea
752 1463 873 1526 lumina
894 1462 998 1545 pictae

121 1562 157 1610 00
214 1547 286 1612 Sive
308 1547 402 1609 ebore
424 1549 552 1608 exactae
574 1567 629 1609 seu
651 1546 754 1628 magis
776 1567 847 1609 aere
869 1566 997 1626 manus;

171 1632 239 1695 Aut
260 1628 363 1711 spatia
384 1648 541 1690 armorum
555 1631 610 1691 aui
623 1630 722 1711 longa
735 1628 903 1691 intervalla
916 1626 1068 1709 profundi

214 1712 375 1777 Lenibrmt
395 1711 493 1774 tacito
515 1710 643 1774 volnera
664 1712 774 1774 nostra
796 1711 884 1773 sinu:

173 1796 236 1862 Seu
256 1795 388 1875 moriar,
410 1793 494 1876 fato,
515 1814 582 1857 non
602 1794 689 1876 turpi
710 1793 828 1857 fractus
852 1813 972 1875 amore,

214 1880 321 1962 Atque
343 1878 404 1942 erit
423 1877 479 1941 illa
500 1877 580 1941 mihi
601 1878 712 1941 mortis
735 1877 870 1941 honesta
891 1876 967 1940 dies.

530 2091 642 2162 XXII.

173 2214 228 2280 Fri
254 2214 304 2279 ‘da
324 2218 392 2279 tam
412 2215 530 2278 multos
552 2214 673 2297 placuit
694 2214 753 2277 tibi
776 2211 908 2296 Cyzicus
931 2232 1049 2292 annea,

265 2299 323 2381 lle,
345 2298 557 2382 Propontiaca
579 2317 641 2380 qua
661 2297 733 2361 fluit
753 2296 892 2360 Isthmos
915 2316 1012 2379 aqua,

174 2381 353 2465 Dindymus
375 2385 408 2446 et
428 2403 517 2446 sacra
537 2380 725 2444 fabricatae
746 2380 810 2445 vite
833 2379 974 2463 Cybebe,

217 2466 428 2549 Raptorisque
449 2466 525 2530 tulii
546 2486 608 2547 qua
628 2463 785 2528 viaDitis
808 2484 919 2547 equos;

146 2550 214 2616 esi
234 2554 266 2614 te
288 2549 371 2613 forte
392 2550 503 2614 iuvant
523 2547 633 2612 Helles
655 2547 902 2612 Athamantidos
924 2544 1036 2627 urbes,

219 2633 289 2698 Nec
309 2633 479 2715 desiderio,
503 2632 609 2714 Iullo,
632 2653 759 2696 movere
779 2652 861 2695 meo.

176 2717 225 2782 Tu
246 2717 322 2779 licet
343 2716 479 2799 aspicias
502 2717 623 2779 caelum
638 2736 731 2778 omne
746 2716 881 2777 Atlanta
897 2713 1072 2796 gerentem,

219 2799 372 2881 Sectaque
394 2798 509 2862 Persea
529 2798 703 2862 Phorcidos
726 2818 781 2860 ora
802 2816 914 2875 manu,

177 2883 224 2948 Ge
263 2881 333 2945 onis
355 2880 479 2944 stabula
500 2884 532 2944 et
553 2882 730 2945 luctantum
751 2880 787 2941 in
807 2877 936 2960 pulvere
958 2874 1052 2958 signa

130 2982 163 3031 10
252 2963 366 3029 arculis
388 2964 566 3047 Antaeique
587 2962 859 3046 Hesperidumque
882 2958 1008 3038 choros,

177 3050 226 3115 Tu
248 3070 287 3114 ue
308 3050 363 3112 tuo
386 3044 541 3113 Colchum
561 3047 721 3130 propellas
742 3045 862 3128 remige
884 3042 1020 3126 Phasin,

220 3071 425 3215 Peliacaeque
446 3129 545 3194 trabis
567 3132 670 3193 totum
692 3129 752 3193 iter
773 3129 842 3212 ipse
863 3129 967 3212 legas,

179 3218 248 3294 Qua
268 3216 355 3280 rudis
377 3215 488 3301 Argoa
508 3216 599 3277 natat
619 3215 703 3277 inter
726 3235 801 3277 saxa
823 3211 970 3278 columba

220 3301 260 3364 In
281 3300 396 3365 faciem
407 3319 529 3450 (prorae
550 3297 644 3381 pinus
667 3297 779 3361 adacta
800 3318 917 3378 novae,

131 3396 164 3447 10
178 3384 223 3449 Et
244 3385 301 3468 sis,
325 3404 387 3467 qua
435 3382 540 3467 rtygia
562 3384 595 3446 61
615 3381 746 3446 visenda
768 3383 817 3444 est
838 3402 893 3444 ora
914 3376 1055 3461 Caystri,

220 3467 267 3535 Et
286 3489 349 3551 qua
370 3471 516 3552 septenas
537 3467 694 3550 temperat
713 3464 799 3529 unda
820 3464 902 3548 vias3
