2302 3922
203 17 382 209 ,s

93 232 180 322 3902
547 234 690 291 1111111
1055 238 1103 313 [r.

200 398 296 463 Lacte
318 397 449 462 madens
470 397 537 461 illic
559 398 686 461 suberat
706 397 775 462 Pan
796 397 879 462 ilicis
899 398 1032 465 umbrae

242 482 286 546 Et
307 482 392 545 sacta
413 482 532 565 agresti
554 482 662 565 lignea
684 482 765 546 falce
787 482 894 564 Palea,

200 565 424 648 Pendebatquc
445 566 519 649 vagi
540 565 678 648 pastoris
699 566 734 629 in
756 566 867 631 arbore
889 568 1015 651 votum,

150 660 185 713 30
242 648 376 713 Garrula
389 649 535 712 silvestri
556 649 663 713 fistula
685 670 774 713 sacra
796 649 855 713 deo

199 733 337 816 Fistula,
360 734 411 796 cui
433 754 557 816 semper
579 732 732 797 decrescit
753 698 916 798 arundinis
939 734 1036 801 ordo:

242 816 273 881 N
276 839 326 880 am
349 816 488 880 calamus
511 837 582 881 cera
602 817 746 901 iungitur
767 839 867 900 usque
888 818 1003 884 minor.

200 901 245 964 At
266 922 329 984 qua
350 900 479 965 Velabri
501 902 590 984 regio
612 903 716 983 patet,
739 901 785 965 ire
808 902 932 966 solebat

242 984 386 1070 Exiguus
407 986 501 1068 pulsa
521 1005 578 1067 per
599 984 679 1047 vada
700 985 796 1048 linter
817 1006 909 1068 aqua.

149 1068 260 1133 151111
282 1091 375 1152 saepe
397 1069 504 1154 gregis
527 1068 585 1131 diti
606 1068 762 1151 placitura
782 1070 937 1154 magistro

242 1153 294 1217 Ad
316 1155 461 1217 iuvenem
483 1153 597 1215 festast
618 1156 708 1216 vecta
728 1153 835 1235 puella
857 1154 922 1237 die,

201 1236 281 1303 Ourn
304 1258 366 1319 qua
387 1236 514 1300 fecundi
535 1236 697 1300 redierunt
718 1258 851 1300 munera
871 1239 969 1322 ruriS,

243 1321 361 1385 Caseus
384 1323 415 1383 et
435 1320 545 1383 niveae
568 1319 719 1384 candidus
742 1342 842 1404 agnus
865 1321 959 1407 ovis.)

200 1403 348 1487 ‘Inpiger
369 1403 493 1483 Aenea,
516 1402 679 1466 volitantis
700 1404 799 1467 frater
820 1405 963 1488 Amoris,

150 1500 184 1548 40
241 1487 356 1550 Troica
377 1486 431 1568 qui
452 1485 597 1569 profugis
620 1508 710 1550 sacra
730 1488 819 1551 vehis
841 1489 977 1572 ratibuS,
1011 1492 1014 1497 ’

201 1570 270 1633 Iam
292 1570 351 1633 tibi
372 1569 546 1632 Laurentes
569 1570 717 1653 adsignat
738 1570 883 1654 Iuppiter
904 1594 1013 1657 agroS,

243 1653 311 1717 lam
333 1655 427 1716 vocat
449 1656 588 1717 errantes
610 1652 739 1736 hospita
759 1658 844 1718 terra
864 1655 970 1721 Lares.

201 1737 272 1801 Illic
294 1741 422 1800 sanctus
445 1737 521 1818 erio,
545 1759 616 1800 cum
638 1741 686 1820 te,
710 1740 903 1823 venerande,
925 1740 1056 1807 Numici

244 1820 340 1885 Vnda
362 1820 455 1884 deum
478 1821 564 1884 caelo
586 1822 709 1885 miserit
730 1822 917 1907 Indigetem.

150 1904 282 1969 4511111
305 1927 399 1988 super
419 1906 519 1969 fessas
541 1907 654 1969 volitat
675 1905 819 1971 Victoria
840 1930 977 1993 puppes,

242 1989 385 2054 Tandem
407 1990 447 2053 ad
469 1988 624 2055 Troianos
646 1991 719 2055 diva
740 1994 876 2075 superba
897 2015 935 2057 ve
961 1994 993 2057 ’1.

200 2071 284 2138 Ecce
306 2073 385 2137 mihi
407 2075 516 2139 lucent
536 2074 663 2140 Rutulis
685 2076 832 2141 incendia
854 2078 981 2142 castris:

244 2159 312 2222 lam
334 2159 393 2222 tibi
415 2160 578 2243 praedico,
601 2162 734 2226 barbare
756 2161 877 2244 Turne,
898 2182 1019 2227 necem.

201 2242 287 2307 Ante
310 2245 417 2308 oculos
439 2243 580 2309 Laurens
603 2250 740 2310 castrum
764 2267 934 2329 murusque
956 2244 1100 2311 Lavinist

152 2338 186 2388 50
242 2328 387 2411 Albaque
410 2328 449 2391 ab
472 2329 611 2392 Ascanio
634 2329 763 2393 condita
785 2330 883 2413 longa
905 2329 992 2393 duce.

201 2410 247 2474 Te
269 2433 331 2495 quo
354 2432 393 2475 ue
415 2412 479 2473 iam
502 2412 608 2492 video,
631 2410 727 2474 Marti
748 2412 904 2494 placitura
925 2413 1072 2477 sacerdos

243 2494 318 2577 Ilia,
372 2495 485 2557 estales
509 2494 683 2557 deseruisse
705 2494 808 2575 focca,

203 2576 460 2659 Concubitusque
482 2579 554 2640 tuos
576 2576 685 2639 furtim
706 2577 863 2659 vittasque
884 2575 1023 2639 iacentes

243 2660 287 2723 111
309 2659 414 2742 cupidi
436 2659 475 2722 ad
497 2660 581 2742 ripas
604 2680 692 2722 arma
713 2660 823 2723 relicta
844 2658 903 2722 dei.

152 2756 185 2806 65
202 2742 331 2825 Carpite
352 2764 452 2825 nunc,
474 2742 570 2824 tauri,
594 2743 632 2806 de
654 2746 776 2825 septem
790 2742 953 2807 montibus
966 2744 1099 2833 herbas,

244 2826 329 2889 Dum
350 2826 440 2889 licet:
462 2824 516 2889 hic
537 2846 672 2910 magnae
694 2827 758 2890 iam
780 2828 868 2892 locus
891 2828 978 2893 urbis
1001 2832 1070 2897 erit.

201 2910 318 2992 Roma,
339 2914 430 2972 tuum
450 2929 569 2973 nomen
589 2911 682 2974 terris
704 2911 801 2976 fatale
822 2933 856 2976 re
882 2912 986 2997 endis,

244 2993 313 3068 Qua
335 2992 452 3057 suade
474 2994 560 3057 caelo
582 2995 738 3079 prospicit
759 3018 833 3060 arva
855 2932 966 3081 dares,

202 3077 270 3153 Qua
293 3099 331 3140 ue
353 3079 465 3160 patent
486 3082 574 3141 ortus
596 3082 628 3142 et
649 3102 711 3163 qua
732 3079 929 3147 fluitantibus
951 3084 1045 3147 undis

151 3176 186 3225 oo
243 3098 326 3226 silis
349 3160 534 3225 anhelantes
557 3163 657 3228 abluit
678 3165 781 3229 amuis
803 3187 910 3248 equos.

201 3246 297 3311 Troia
319 3245 445 3328 quidem
466 3249 543 3310 tunc
566 3268 599 3311 se
621 3248 787 3313 mirabitur
809 3253 841 3315 et
863 3250 924 3314 sibi
946 3251 1030 3316 dicet

242 3329 309 3395 Vos
331 3331 411 3395 bene
432 3334 497 3395 tam
520 3332 618 3416 longa
640 3335 835 3399 consuluisse
858 3336 917 3399 via.

200 3414 285 3481 Vera
307 3436 401 3481 cano:
425 3415 470 3479 sic
491 3436 590 3498 usque
613 3438 717 3482 sacras
740 3418 871 3483 innoxia
892 3419 1000 3483 laurus

241 3498 375 3584 Vescar,
398 3504 430 3565 et
451 3503 613 3565 aeternum
635 3502 677 3566 sit
698 3501 777 3567 mihi
799 3503 989 3588 virginitas!

155 3751 244 3804 Α,

233 3841 252 3906 i
