2302 3922
112 201 153 267 86
490 205 683 260 rnoennrn
960 207 1077 279 [xvru.

177 368 280 444 Quam
294 369 397 452 possit
407 369 529 430 vestros
545 367 711 451 quisquam
721 367 951 451 reprehendere
964 389 1075 432 cursus

128 465 161 515 10
217 453 261 515 Et
281 450 409 515 rabidae
432 451 576 515 stimulos
598 452 745 537 frangere
765 453 935 536 nequitiae.

176 534 295 617 Testis,
319 533 445 599 Cretaei
465 534 567 598 fastus
590 556 670 618 quae
691 557 785 618 passa
806 536 931 600 iuvenci

217 617 327 681 Induit
348 617 418 681 abie
466 639 502 682 ae
525 639 642 683 cornua
662 619 743 683 falsa
764 618 870 684 bovis:

176 701 281 766 Testis
303 701 404 766 Thess
440 703 486 766 'eo
508 701 646 786 flagrans
669 701 827 766 Salmonis
848 702 988 786 Enipeo,

219 784 306 861 Quae
327 785 430 850 voluit
450 786 570 869 liquido
592 789 661 849 tota
683 786 788 850 subire
810 786 878 851 deo.

131 881 163 932 15
179 867 308 933 Crimen
330 872 362 933 et
383 870 439 934 illa
459 869 523 933 fuit
542 870 646 953 patria
667 891 818 934 succensa
840 875 968 934 senecta

220 953 354 1017 Arboris
376 954 412 1016 in
432 952 561 1017 frondes
584 952 712 1017 condita
733 952 865 1035 Myrrha
885 974 994 1018 novae.

176 1036 261 1102 Nam
282 1038 358 1119 quid
373 1036 503 1100 Medeae
524 1036 659 1101 referam
674 1057 736 1119 quo
757 1040 900 1120 tempore
919 1037 1030 1100 matris

218 1121 304 1186 Iram
324 1123 472 1186 natorum
495 1119 589 1185 caede
609 1120 710 1205 piavit
731 1121 841 1185 amor?

178 1203 300 1281 Quidve
317 1205 581 1288 Clytaemestrae,
598 1208 728 1288 propter
741 1225 837 1288 quarn
850 1207 919 1269 tota
929 1203 1074 1287 Mycenis

128 1301 162 1350 20
216 1289 351 1354 lnfarnis
374 1293 483 1372 stupro
507 1291 572 1352 stat
592 1288 730 1373 Pelopea
750 1289 884 1353 domus?

179 1372 304 1520 Tupue,
327 1394 346 1437 o
368 1373 479 1437 Minoa
501 1373 683 1437 venundata
704 1371 810 1455 Scylla
830 1373 945 1458 figura,

248 1455 346 1520 ondes
368 1477 528 1539 purpurea
548 1477 649 1540 regna
692 1459 805 1521 aterna
826 1477 925 1521 coma.

179 1538 273 1602 Hane
294 1540 392 1622 igitur
414 1540 521 1603 dotem
542 1540 633 1622 virgo
656 1479 710 1602 dis

221 1621 315 1704 Nise,
337 1623 408 1684 tuas
429 1624 538 1703 portas
560 1621 671 1684 fraude
692 1622 822 1685 reclusit
842 1623 952 1686 Amor.

129 1717 162 1768 ao
176 1706 222 1768 At
242 1724 299 1766 vos
336 1705 503 1786 innuptae,
524 1703 649 1767 felicius
671 1704 752 1776 urite
773 1705 895 1768 taedm:

222 1751 346 1851 Pendet
367 1786 501 1851 Cretaea
521 1788 625 1852 traota
644 1786 753 1875 puella
772 1790 848 1851 rate.

177 1871 254 1937 Non
273 1873 382 1935 tamen
402 1870 551 1936 inmerito
573 1870 679 1935 Minos
701 1870 790 1936 sedet
812 1870 929 1939 arbiter
951 1869 1042 1936 Oroi:

219 1954 333 2021 Victor
354 1958 423 2020 erat
444 1955 601 2039 quamvis,
625 1975 742 2039 aequus
763 1956 799 2018 in
819 1954 911 2021 hoste
932 1954 1003 2020 fuit.

710 1538 867 1622 ponderat
888 1538 988 1603 hosti:

460 2169 600 2242 xvnn
627 2169 730 2264 [run.

179 2291 289 2359 Credis
312 2315 384 2357 eum
405 2294 470 2357 iam
490 2314 585 2375 posse
605 2296 679 2356 tuae
700 2293 882 2357 meminisse
903 2293 1038 2378 figurae,

221 2377 339 2442 Vidisti
361 2378 484 2441 alecto
506 2397 600 2459 quem
622 2376 696 2440 dare
717 2377 788 2441 vela
807 2377 885 2441 tuo‘?

179 2459 301 2543 Durus,
323 2461 378 2544 qui
399 2461 487 2525 luero
509 2460 614 2542 potuit
633 2462 756 2534 mutare
777 2460 932 2544 puellaml

221 2545 373 2626 Tantine,
396 2547 433 2609 ut
453 2543 613 2626 lacrimas,
635 2543 747 2608 Afrioa
767 2547 837 2612 tota
857 2543 941 2607 fuit?

151 2628 227 2692 oAt
247 2631 299 2710 tu,
324 2628 432 2706 stulta,
456 2626 531 2691 deos
538 2675 547 2709 ,
569 2630 606 2690 tu
626 2626 721 2712 fingis
743 2628 852 2691 inania
873 2648 956 2691 vera.

221 2711 372 2775 Forsitan
393 2712 447 2775 ille
470 2711 532 2774 alio
554 2713 665 2794 peetus
687 2732 794 2775 amore
814 2713 907 2776 terat.
1030 2751 1032 2754 -

180 2793 241 2858 Est
254 2793 315 2857 tibi
329 2793 431 2856 forma
445 2796 574 2877 potens,
590 2795 666 2857 sunt
680 2796 783 2863 uastae
798 2790 936 2854 Palladis
952 2793 1051 2873 artes,

223 2875 457 2959 splendidaque
479 2898 498 2940 a
519 2876 612 2941 doeto
634 2876 721 2939 fama
741 2871 881 2961 refulget
901 2893 977 2953 avo,

179 2959 354 3025 Fortunata
375 2958 501 3041 domus,
523 2959 618 3023 modo
640 2959 683 3023 sit
703 2957 763 3022 tibi
783 2954 864 3021 fidus
887 2955 1016 3025 amicus.

133 3059 165 3108 ιο
220 3043 318 3110 Fidus
341 3063 409 3108 ero:
432 3043 467 3105 in
487 3046 614 3106 nostros
638 3063 741 3123 eurre,
763 3040 884 3125 puella,
906 3037 1004 3105 toros.

559 3255 638 3328 XX.

181 3377 255 3446 Nox
281 3378 361 3444 mihi
386 3380 489 3464 prima
515 3377 615 3442 venit:
643 3378 764 3461 primae
785 3375 864 3524 tdate
891 3383 1076 3520 tempora13

723 3482 785 3526 noo
800 3483 842 3527 rs:
