2302 3922
94 195 166 264 ιιι]
480 188 588 248 traua
608 193 670 248 ιιιι.
1016 184 1056 248 79

93 355 184 420 Felix
207 353 283 418 Eois
304 355 356 419 lex
376 354 499 418 funeris
520 376 585 417 una
606 355 744 437 maritis,
1023 364 1054 413 15

137 437 223 514 Quos
245 440 370 502 Aurora
392 439 456 502 suis
477 439 574 502 rubra
596 439 718 502 colorat
739 438 837 521 equis.

93 521 239 605 Namque
259 522 316 587 ubi
337 522 502 586 mortifero
525 523 641 586 iactast
660 522 715 586 fax
736 523 848 586 ultima
869 522 968 605 lecto,

136 605 279 670 onrum
299 606 433 670 fusist
403 608 469 670 ιιιι
489 607 543 688 pia
564 605 658 670 turba
679 606 794 701 comis,

93 689 137 754 Et
159 693 321 753 certamen
341 688 463 753 habent
483 690 554 772 leti,
578 709 659 772 quae
680 689 752 752 ιιιι
774 654 922 771 sequatur

137 773 344 870 Coniugium:
366 773 469 856 pudor
491 776 540 837 est
560 794 627 836 non
647 773 774 836 licuisse
796 773 885 836 mori
1021 785 1056 835 ιο

74 877 77 885 ’
94 857 220 921 Ardent
240 857 385 921 victrices
408 860 441 921 et
461 857 605 921 flammae
626 859 757 953 pectora
775 855 943 939 praebent,

137 940 363 1024 Inponuntque
385 941 450 1005 suis
473 962 528 1004 ora
548 944 678 1024 perusta
698 940 783 1004 viris.

95 1023 157 1088 Hic
180 1046 280 1108 genus
302 1024 435 1088 im‘idum
456 1027 645 1107 nuptarum,
668 1023 721 1088 hic
742 1023 831 1087 nulla
851 1023 957 1106 puella

137 1107 206 1172 Nec
227 1108 290 1171 fida
311 1107 466 1172 Euhadne
487 1129 547 1171 nec
567 1109 622 1191 pia
636 1074 813 1189 Penelope

95 1190 186 1255 Felix
208 1195 370 1275 agrestum
392 1191 553 1288 quondam
573 1194 686 1274 pacata
707 1191 868 1273 iuventus,
1022 1203 1055 1253 25

138 1273 277 1339 Divitiae
297 1296 432 1358 quorum
452 1275 565 1339 messis
587 1278 619 1338 ιι
640 1275 734 1338 arbor
755 1276 853 1338 erant.

95 1357 165 1422 Illis
187 1381 303 1423 munus
325 1362 394 1423 erat
415 1359 547 1455 decussa
568 1356 713 1440 Cydonia
733 1379 821 1421 ramo

139 1442 183 1506 Et
203 1443 277 1506 dare
298 1442 440 1525 puniceis
461 1441 557 1524 plena
578 1442 718 1506 canistra
737 1442 840 1525 rubis,

97 1525 193 1590 Nunc
215 1527 315 1590 violas
336 1526 468 1590 tondere
490 1547 604 1608 manu,
626 1547 712 1589 nunc
733 1525 834 1589 mixta
854 1526 971 1590 referre

138 1610 221 1674 Lilia
241 1610 402 1707 virgineos
424 1609 531 1673 lucida
550 1631 608 1692 per
631 1608 788 1692 calathos,
1023 1623 1057 1673 30

96 1693 288 1776 asportare
310 1695 374 1758 suis
396 1693 528 1758 vestitas
548 1693 714 1757 frondibus
736 1658 813 1758 uvhs

139 1778 206 1842 Aut
227 1778 346 1842 variam
368 1778 496 1860 plumae
517 1777 718 1842 versicoloris
740 1798 839 1841 avem.

97 1860 158 1924 His
179 1864 248 1924 tum
268 1861 432 1925 blanditus
453 1861 571 1925 furtiva
615 1882 648 1923 er
668 1863 760 1923 antra
780 1861 905 1943 puellae

141 1942 257 2007 Oscula
279 1943 429 2007 silvicolis
452 1945 620 2025 emptae
581 1884 620 2006 dh
621 1943 693 2006 dere
715 1944 801 2007 viris.

97 2027 229 2091 Hinulei
250 2026 344 2109 pellis
367 2028 484 2089 stratos
506 2026 650 2108 operibat
671 2028 829 2109 amantes,
975 2030 977 2034 '
1023 2040 1057 2091 35

140 2111 278 2193 Altaque
299 2109 407 2173 nativo
430 2098 572 2172 ιιιιιιιι
592 2109 691 2173 herba
713 2113 799 2192 toro,

98 2194 197 2259 Pinus
220 2198 252 2258 ιι
272 2193 458 2257 incumbens
481 2193 583 2256 lentas
606 2159 821 2257 circumdabat
841 2194 985 2278 umbras,

139 2277 209 2343 Nec
230 2278 335 2341 fuerat
321 2275 456 2341 tnudas
477 2297 581 2359 poena
602 2276 708 2340 videre
730 2277 818 2359 deas,

98 2361 255 2445 Corniger
277 2365 371 2444 atque
393 2360 444 2424 dei
465 2382 596 2424 vacuam
641 2361 783 2424 asturis
773 2383 808 2424 m
829 2362 933 2426 aulam

140 2444 214 2509 Dux
236 2446 317 2510 aries
339 2444 491 2509 saturas
482 2466 550 2527 rpse
571 2383 697 2509 redixit
718 2465 808 2528 oves,
1023 2459 1057 2509 40

98 2529 202 2611 Dique
225 2529 362 2612 deaeque
385 2549 509 2611 omnes,
561 2528 652 2592 uibus
679 2531 729 2592 est
748 2529 848 2592 tutela
869 2551 926 2612 per
947 2551 1055 2615 agros,

141 2612 341 2677 Praebebant
362 2611 475 2708 vestris
497 2549 594 2676 veiba
615 2612 756 2696 benigna
775 2612 873 2677 focis:

98 2696 162 2765 ’,Ει
182 2697 338 2795 leporem,
361 2696 549 2779 quicumque
570 2697 673 2777 venis,
697 2696 877 2792 venaberis,
904 2696 1034 2781 hospes,

140 2781 230 2845 Et
205 2802 232 2844 ιι
253 2782 337 2845 forte
358 2801 430 2844 meo
452 2780 581 2844 tramite
603 2780 728 2863 quaeris
749 2802 854 2845 avem.

97 2865 141 2929 Et
127 2868 213 2928 tmc
234 2864 324 2929 Pana
344 2865 404 2929 tibi
427 2865 575 2928 comitem
597 2863 636 2961 de
658 2885 735 2961 rupe
755 2867 885 2949 vocate,
1023 2875 1057 2926 45

141 2947 213 3012 Sive
235 2952 324 3031 petes
347 2949 467 3013 calamo
489 2948 644 3031 praemia,
666 2949 732 3013 sive
754 2957 853 3013 cane)

98 3034 144 3094 At
164 3052 250 3095 nunc
272 3031 403 3096 desertis
425 3035 550 3096 cessant
572 3033 709 3097 sacraria
730 3033 825 3096 lucis:

139 3117 263 3178 Aurum
286 3135 395 3179 omnes
417 3116 532 3180 victa'
523 3137 587 3179 ram
608 3116 728 3214 pietste
750 3115 869 3179 colunt.

98 3200 187 3262 Auro
209 3199 301 3281 pulsa
321 3197 414 3282 fides,
437 3219 512 3263 auro
534 3199 689 3264 venalia
678 3221 762 3280 1ura,

141 3284 264 3346 Aurum
285 3283 336 3345 lex
358 3283 513 3364 sequitur,
534 3304 610 3346 mox
631 3282 700 3346 sine
722 3282 793 3366 lege
814 3282 924 3364 pudor.
1024 3294 1057 3344 so

99 3365 232 3430 Torrida
254 3364 442 3461 sacrilegum
463 3368 621 3430 testantur
642 3365 752 3429 limina
773 3365 951 3448 Brennum,

142 3449 226 3513 Dum
248 3449 330 3533 petit
350 3449 471 3513 intonsi
492 3448 608 3532 Pythia
629 3469 729 3533 regna
751 3447 817 3514 dei:
