2302 3922
114 248 160 313 42
526 253 670 308 ‘l'lBVLLI

221 415 314 498 Inpia
334 415 369 477 in
391 413 539 478 adversos
561 415 712 479 solvimus
734 436 790 478 ora
812 414 903 480 deos:

132 512 164 560 15
178 498 222 563 Et
242 498 384 562 nondum
407 498 477 561 cani
498 498 610 581 nigros
632 500 749 562 laesere
772 498 919 583 capill0S,

222 582 291 646 Nec
312 582 401 645 venit
421 581 512 644 tardo
536 603 631 645 curva
652 585 780 646 senecta
800 583 889 665 pede.

179 666 327 731 Natalem
348 665 451 748 primo
473 670 618 729 nostrum
639 666 745 730 videre
765 668 930 752 parentes,

223 748 304 813 Cum
326 749 440 812 cecidit
460 749 527 813 fato
550 751 661 813 consul
683 753 815 833 uterque
859 751 914 814 ari.

181 832 264 908 Quid
286 832 430 896 fraudare
452 832 539 896 iuvat
560 835 658 896 vitem
681 773 895 898 crescentitus
917 836 988 899 uvis

129 929 165 978 20
220 916 264 979 Et
284 917 378 980 modo
400 920 475 979 nata
496 917 580 979 111010
601 918 715 981 1011010
737 938 832 1000 poma
852 918 971 982 manu?

179 1000 320 1083 Parcite,
342 1001 497 1083 pallentes
519 1000 619 1064 undas
643 1001 829 1083 quicumque
850 1002 968 1065 tenetis

222 1084 371 1168 Duraque
394 1085 498 1148 sortiti
519 1084 615 1147 tertia
635 1105 735 1167 regna
756 1084 816 1148 dei.

179 1167 220 1231 El
243 1170 307 1232 sios
330 1169 406 1232 olim
429 1168 523 1231 liceat
544 1188 736 1252 cognoscere
759 1189 888 1252 campos

220 1191 453 1334 liothaeamque
475 1254 575 1314 ratem
597 1250 847 1333 Cimmeriosque
869 1253 971 1336 lacus,

128 1347 163 1396 25
179 1334 259 1400 Cum
281 1357 352 1398 mea
371 1356 489 1418 rugosa
509 1336 674 1417 pallebunt
695 1356 750 1398 ora
772 1339 898 1399 senecta

221 1419 266 1481 Et
286 1419 421 1481 referam
442 1419 549 1500 pueris
571 1422 716 1502 tempora
737 1419 842 1501 prisca
864 1441 969 1484 senex.

179 1501 286 1584 Atque
307 1503 429 1564 utinam
451 1523 532 1564 vano
554 1504 747 1585 nequiquam
768 1505 887 1566 terrear
908 1506 1013 1570 aestu!

221 1584 391 1668 Languent
412 1588 461 1647 ter
482 1586 595 1667 quinos
618 1586 673 1648 sed
695 1608 765 1650 mea
786 1588 928 1651 membra
949 1588 1028 1653 dies.

180 1669 225 1731 At
245 1668 337 1732 vobis
359 1667 481 1732 Tuscae
503 1669 701 1732 celebrantur
723 1670 854 1733 numina
875 1669 1026 1753 lymphae

128 1764 165 1812 00
221 1750 265 1815 Et
286 1753 388 1815 facilis
410 1753 497 1815 lenta
517 1752 645 1834 pellitur
665 1753 750 1815 unda
771 1776 877 1817 manu.

180 1834 286 1899 Vivite
308 1836 431 1915 felices,
454 1857 609 1899 memores
632 1839 663 1899 et
685 1837 780 1899 vivite
801 1837 919 1918 nostri,

224 1918 296 1983 Sive
319 1920 434 1983 erimus
456 1941 512 1983 seu
532 1940 591 1982 nos
613 1919 679 1983 fata
700 1921 797 1983 fuisse
818 1922 928 1987 velint.

177 2001 306 2067 Interea
326 2004 436 2088 nigras
458 2004 594 2086 pecudes
616 2005 793 2088 promittite
815 2004 883 2069 Diti

221 2087 266 2151 Et
286 2089 372 2153 nivei
394 2089 484 2152 lactis
506 2090 620 2172 pocula
641 2090 740 2153 mixta
761 2109 859 2153 mero

180 2425 322 2492 Candide
344 2428 453 2509 Liber,
476 2428 550 2492 ades
574 2429 634 2511 (sic
656 2428 699 2491 sit
719 2428 777 2491 tibi
799 2429 935 2512 mystica
955 2427 1031 2491 vitis

223 2510 368 2595 Semper,
393 2513 439 2574 sic
461 2512 554 2574 edera
574 2516 719 2593 tempora
740 2514 846 2575 vincta
868 2514 981 2595 feras),

179 2594 281 2658 Aufer
303 2599 335 2659 et
356 2596 424 2677 ipse
446 2616 551 2657 meum
572 2598 682 2677 patera
703 2596 880 2660 medicante
903 2597 1061 2661 dolorem:

225 2677 325 2761 Saepe
346 2683 402 2742 tuo
425 2677 540 2741 cecidit
561 2699 691 2742 munere
713 2679 815 2741 victus
838 2700 935 2742 amor.

144 2773 165 2819 o
181 2758 261 2823 Care
283 2784 375 2842 puer,
397 2762 546 2824 madeant
567 2782 722 2845 generoso
744 2762 859 2842 pocula
880 2761 1022 2845 Bacch0,

223 2841 267 2904 Et
287 2845 380 2907 nobis
402 2865 503 2927 prona
523 2845 621 2907 funde
643 2844 668 2907 F
671 2844 777 2905 alerna
798 2864 903 2905 manu.

178 2924 230 2989 Ite
251 2928 363 3010 procul
384 2927 496 2989 durum
518 2947 610 2990 curae
632 2947 748 3010 genus,
771 2926 816 2988 ite
838 2925 978 2990 labores:

223 3009 362 3074 Fulserit
382 3009 434 3073 hic
455 3010 557 3073 niveis
579 3008 690 3074 Delius
713 3009 850 3073 alitibus.

178 3092 249 3158 Vos
270 3094 365 3159 modo
387 3094 550 3177 proposito
573 3094 680 3158 dulces
701 3093 835 3157 faveatis
858 3094 967 3175 amici,

133 3189 167 3238 10
224 3177 313 3244 Neve
334 3182 431 3264 neget
452 3178 618 3262 quisquam
639 3201 690 3242 me
713 3178 791 3242 duce
814 3200 847 3242 se
871 3180 1037 3243 comitomt

181 3261 249 3325 Aut
270 3263 368 3346 siquis
389 3263 456 3326 vini
478 3267 637 3326 certamen
659 3263 735 3326 mite
757 3265 895 3347 recusat,

224 3344 328 3410 Fallat
350 3369 422 3411 eum
443 3351 526 3410 tecto
550 3368 621 3409 cara
642 3347 749 3429 puella
771 3346 853 3411 dole.

181 3425 240 3491 Ille
262 3430 340 3494 facit
362 3431 442 3494 dites
465 3431 586 3493 animos
609 3431 700 3513 deus,
723 3431 777 3494 illc
800 3431 938 3497 ferocem

225 3510 379 3579 Contudit
401 3518 432 3578 et
454 3514 598 3579 dominae
620 3515 709 3581 misit
730 3516 764 3581 in
786 3517 965 3600 arbitrium,
