2302 3922
97 183 139 246 48
388 181 583 244 cliuum
605 182 739 244 canii.
761 193 805 248 64.

182 349 444 412 Consitusoblito
467 349 583 413 dimisit
602 358 732 432 pectore
754 359 878 431 cuncta,

181 436 266 512 Quae
288 433 428 495 mandatu
448 436 534 514 prins
555 438 708 495 constanti
729 440 834 495 mente
853 439 995 518 tenebat,

109 531 162 583 210
181 517 291 579 Dulcia
311 537 369 588 nec
390 525 507 578 maesto
529 517 697 580 sustollens
717 520 803 597 signu
821 524 943 599 parenti

87 650 90 657 .
180 603 334 682 Sospitem
355 601 565 664 Erechtheum
587 622 621 663 ae
642 602 779 663 ostendit
797 605 899 665 visere
918 613 1051 686 portum.
1072 599 1075 606 ’

180 687 318 765 Namque
338 686 445 746 ferunt
464 685 554 766 olim,
576 686 667 747 classi
687 707 755 747 cnm
776 690 896 749 moenia
917 688 1005 751 divae

179 771 386 849 Linquentem
409 777 534 848 gnatum
554 773 654 831 ventis
673 770 879 833 concrederet
898 775 1039 855 Aegeus,

180 852 271 914 Talia
291 852 483 934 complexum
503 857 606 915 inveni
626 853 768 914 mundata
788 854 921 917 dedisse.

106 950 157 1003 215
179 939 298 998 ‘Gnate
319 939 395 999 milri
412 937 505 1018 longa
524 937 688 999 iocundior
705 940 795 998 unice
817 941 895 1018 vita,

181 1023 296 1100 Gnate,
318 1040 375 1102 ego
396 1037 495 1102 quem·
510 1024 544 1082 in
565 1021 675 1083 dubios
697 1041 791 1101 cogor
813 1021 971 1085 dimittere
990 1046 1093 1107 casus,

177 1105 313 1167 Reddite
333 1109 366 1167 in
387 1113 525 1167 extrem
544 1125 644 1187 nuper
664 1107 739 1167 mihi
759 1107 822 1167 line
842 1115 1005 1187 senectae,

179 1189 434 1270 Quandoquidem
455 1191 580 1251 fortuna
600 1208 668 1251 mea
688 1211 724 1250 ae
744 1197 798 1251 tua
817 1191 935 1251 fervida
955 1195 1054 1255 virtus
1113 1231 1121 1239 «

178 1274 282 1354 Eripit
301 1275 492 1335 invito-mihi
512 1282 562 1352 te,
583 1276 634 1334 cui
652 1272 797 1353 languida
816 1275 951 1336 nondum

105 1370 157 1422 220
176 1359 305 1418 Lumina
324 1364 396 1418 sunt
415 1359 501 1436 gnati
520 1379 590 1418 cara
610 1365 745 1419 saturata
764 1359 878 1436 ligura,

177 1442 247 1501 Non
267 1461 326 1521 ege
347 1448 381 1501 te
402 1440 537 1520 gaudens
558 1441 686 1501 laetanti
707 1449 836 1522 pectore
857 1444 990 1523 mittam,

178 1525 243 1584 Nec
264 1532 297 1585 te
318 1525 405 1585 ferre
426 1526 522 1584 sinam
544 1525 688 1584 fortunae
709 1527 794 1602 signa
813 1526 982 1605 secundae,

178 1605 243 1667 Sed
262 1610 394 1688 primum
413 1607 524 1669 multas
545 1626 720 1688 expromam
740 1615 845 1669 mente
866 1610 1026 1692 querelas,

179 1692 331 1751 Canitiem
347 1700 433 1753 terra
454 1699 546 1771 atque
567 1692 669 1752 infuso
690 1689 819 1771 pulvere
835 1693 981 1774 foedans,

104 1788 154 1839 225
175 1774 251 1836 Inde
272 1776 388 1836 infecta
408 1795 483 1855 vago
505 1774 687 1855 suspendam
707 1773 805 1835 lintea
819 1777 916 1855 malo,

176 1859 306 1919 Nostros
327 1866 362 1919 ut
380 1857 483 1920 luctus
499 1865 686 1938 nostraeque
707 1858 850 1919 incendia
869 1863 982 1921 mentis

177 1943 331 2004 carbasus
352 1945 514 2015 obscurata
534 1941 625 2003 decet
646 1943 805 2021 ferrugine
825 1944 953 2006 Hibera.

177 2024 269 2102 Quod
288 2028 346 2088 tibl
366 2028 394 2087 si
414 2028 513 2088 sancti
534 2028 724 2088 concesserit
743 2025 845 2087 incola
862 2027 958 2107 Itoni,

177 2110 263 2186 Quae
284 2119 423 2172 nostrmn
446 2129 542 2190 genus
560 2131 596 2172 ac
617 2110 708 2172 aedes
731 2108 901 2172 defendere
919 2112 1091 2176 Erechthei

104 2205 157 2258 230
176 2195 309 2273 Annuit,
330 2203 365 2255 ut
385 2197 466 2256 tauri
486 2213 649 2276 respergas
669 2196 816 2274 sauguine
837 2194 992 2275 dextram,

177 2278 257 2339 Tum
278 2298 352 2340 vere
373 2280 467 2355 facito
486 2287 521 2340 ut
540 2281 668 2339 memori
689 2279 749 2339 tibi
768 2276 893 2339 condita
913 2279 1009 2340 corde

176 2363 261 2423 llaec
282 2365 406 2441 vigeant
426 2362 582 2440 mandata,
602 2381 660 2422 nco
680 2360 744 2421 ulla
766 2362 926 2423 oblitteret
947 2370 1047 2443 aetus,
1093 2420 1096 2427 .

175 2447 219 2506 Ut
237 2445 328 2506 simul
350 2467 385 2506 ae
405 2455 529 2506 nostres
548 2447 682 2505 invisent
700 2441 815 2505 lumina
837 2445 943 2523 collis,

175 2529 342 2589 Funestam
364 2537 516 2589 antennae
539 2528 694 2608 deponant
716 2527 851 2608 undique
872 2536 1005 2610 vestem,

102 2622 153 2675 235
175 2610 375 2691 Candidaque
395 2613 506 2685 intorti¹
526 2612 690 2673 sustollant
710 2610 779 2672 vela
798 2612 963 2692 rudentes,

176 2697 272 2771 Quam
292 2698 423 2776 primum
438 2714 577 2756 cernens
598 2704 632 2755 ut
655 2694 736 2755 laeta
756 2695 865 2775 gandia
885 2703 989 2758 mente

175 2780 363 2857 Agnoscam,
386 2799 454 2839 cum
471 2787 504 2840 te
520 2778 666 2839 reducem
688 2786 771 2839 aetas
791 2798 942 2860 prospera
960 2782 1071 2844 sistet?

175 2862 261 2922 llaec
279 2860 420 2923 mandata
462 2863 525 2922 rius
548 2865 699 2924 constanti
720 2870 823 2923 mente
843 2870 1002 2926 tenentem
1050 2926 1052 2931 ,

176 2946 300 3007 Thesea
319 2965 376 3007 ceu
394 2883 500 3027 pnldae
521 2952 680 3007 ventorum
698 2948 829 3007 flamine
840 2947 938 3008 nubes

102 3037 155 3090 240
174 3030 300 3090 Aerinm
322 3033 404 3091 nivei
425 3031 537 3091 montis
555 3030 678 3108 liquere
698 3049 852 3091 cacumen.

52 3142 60 3159 ι
175 3114 218 3173 Aa
238 3121 344 3194 pater,
364 3120 400 3175 ut
421 3134 536 3174 summa
555 3121 812 3194 prospectumex
832 3132 903 3175 arce
924 3118 1068 3197 petebat,

174 3199 272 3258 Anxia
290 3200 323 3259 in
344 3198 482 3260 assiduos
503 3199 663 3259 absumens
685 3196 800 3258 lumina
821 3199 930 3278 fletus,

175 3282 251 3342 Gom
271 3283 403 3361 primum
419 3283 518 3343 inflati
539 3283 698 3362 conspexit
716 3280 814 3342 liutea
831 3280 920 3361 vell,¹

173 3365 379 3446 Praecipitem
402 3385 472 3427 sese
492 3364 685 3447 scopulorum
706 3384 725 3426 e
745 3360 863 3427 vertice
883 3367 974 3444 iecit,

97 3457 153 3527 245
172 3450 324 3511 Amissum
347 3449 478 3514 credens
498 3451 609 3512 immiti
628 3450 751 3511 Thesea
770 3450 844 3511 into.
