2302 3922
370 209 559 271 cliuum
583 210 714 273 cultu.
734 221 779 276 08.
1032 217 1070 280 61

78 390 134 443 100
198 379 325 439 Detinet
347 385 485 438 extremo
503 384 590 439 terra
610 378 711 439 aliena
731 379 806 440 solo.
998 448 1001 454 ,

156 462 207 524 Ad
228 483 316 540 quam
336 471 401 522 tum
420 480 590 542 properans
607 463 709 523 fertur
722 463 813 524 simul
826 462 962 544 undique
976 469 1074 546 pubes

198 547 318 608 Graeca
335 545 505 626 penetralis
529 546 704 607 deseruisse
726 547 829 626 focos,

157 631 204 691 Ne
225 630 313 690 Paris
335 628 465 689 abducta
484 632 603 708 gavisus
623 630 724 691 libera
742 633 870 692 moecha

199 714 270 774 Otia
290 720 396 793 pacato
420 712 551 792 degeret
570 715 602 772 lu
621 713 764 775 thalamo.

79 805 134 858 105
155 800 223 876 Quo
245 798 303 857 tllsi
318 804 383 857 tum
404 816 491 874 casu,
512 797 721 877 pulcherrima
736 797 917 876 Laodamia,

197 883 347 961 Ereptum
369 888 417 941 est
437 883 498 941 vita
520 880 638 942 dulcius
658 890 750 962 atque
772 884 870 942 anima

158 966 355 1043 Coniugium:
377 973 463 1024 tanto
486 972 519 1025 te
541 967 708 1025 absorbens
729 967 847 1026 vertice
869 969 980 1029 amoris

197 1051 310 1109 Aestus
331 1051 364 1108 in
385 1049 547 1128 abruptum
570 1047 727 1110 detulerat
747 1050 941 1128 barathrum,

159 1133 255 1211 Quale
274 1133 380 1192 ierunt
401 1131 488 1192 Graii
509 1133 669 1193 Pheneum
687 1152 786 1213 prope
807 1131 990 1212 Cylleneum

83 1223 138 1278 110
197 1218 322 1277 Siccare
342 1214 459 1276 emulsa
478 1219 593 1296 pingue
614 1216 729 1298 palude
746 1217 862 1293 solum,

158 1300 246 1378 Quod
268 1299 421 1378 quondam
443 1303 541 1361 caesls
562 1303 675 1362 montis
695 1301 813 1363 fodisse
832 1299 976 1362 medullis

198 1383 293 1444 Audit
313 1383 497 1463 falsiparens
519 1384 827 1466 Amphitryoniades,

158 1470 314 1548 Tempore
338 1487 398 1546 quo
420 1478 506 1529 certa
528 1469 719 1549 Stymphalia
738 1475 876 1530 monstra
897 1471 1007 1549 sagitta

142 1565 145 1571 ’
197 1550 337 1628 Perculit
358 1554 489 1631 imperio
513 1553 679 1614 deterioris
700 1555 785 1630 heri,

84 1646 135 1698 115
155 1636 301 1697 Pluribus
321 1644 356 1696 ut
376 1634 454 1695 caeli
476 1645 634 1699 tereretur
655 1640 745 1700 ianua
764 1638 859 1717 divis,

196 1721 286 1780 Hebe
308 1738 367 1779 nec
387 1719 480 1800 longa
500 1723 677 1800 virginitate
698 1725 789 1784 foret.

157 1804 219 1864 Sed
240 1813 310 1864 tuus
332 1802 412 1864 altus
434 1825 518 1865 amor
541 1807 687 1867 barathro
709 1807 769 1866 iult
788 1805 883 1868 altior
903 1805 976 1886 illo,

195 1889 255 1966 Qui
276 1887 378 1947 divum
400 1888 547 1951 domitum
568 1890 779 1969 ferrelugum
802 1891 923 1950 dooultr

45 1995 50 2006 ·
156 1973 231 2032 Nam
253 1990 356 2050 neque
379 1980 439 2032 tam
462 1994 565 2034 carum
586 1976 729 2036 conlecto
752 1981 854 2035 aetate
875 1978 997 2054 parenti

82 2066 135 2119 110
197 2057 267 2116 Una
286 2064 378 2135 caput
398 2059 461 2116 seri
482 2065 553 2117 nata
569 2057 692 2138 nepotis
712 2057 782 2136 alit,

158 2141 234 2216 Qui,
257 2159 325 2199 cum
346 2139 461 2200 divitiis
481 2142 531 2201 vix
549 2141 674 2202 tandem
691 2143 834 2202 inventus
854 2142 942 2202 avitis

196 2225 315 2283 Nomen
336 2231 465 2300 testatas
487 2224 594 2284 intulit
614 2228 647 2284 in
667 2224 803 2302 tabulas,

156 2306 251 2386 lmpia
272 2307 369 2368 derisi
391 2306 515 2386 gentllls
537 2307 646 2386 gaudia
666 2306 782 2369 tollens

40 2452 52 2463 Ι
198 2393 332 2451 Suscitat
354 2413 371 2451 a
393 2411 468 2451 cano
490 2392 655 2454 volturium
677 2394 785 2473 capiti:

44 2516 47 2525 ·
83 2484 135 2538 125
155 2474 220 2535 Nec
241 2482 360 2535 tantum
381 2479 471 2536 niveo
492 2479 593 2556 gavisa
614 2485 663 2538 est
683 2474 747 2536 ulla
769 2475 908 2537 columbo

200 2560 351 2639 Compar,
373 2580 450 2638 qnae
466 2560 569 2621 'multo
591 2560 706 2621 dicitur
727 2561 896 2641 improbius

157 2641 270 2702 Oscula
291 2643 446 2704 mordenti
465 2665 589 2725 semper
610 2645 782 2725 decerpere
805 2653 924 2721 rostro,

197 2728 374 2805 Quanquam
395 2732 561 2811 praecipue
583 2729 741 2790 multivola
763 2737 812 2789 est
831 2728 952 2792 mulier.

157 2810 220 2871 Sed
242 2819 276 2872 tu
294 2812 403 2872 horum
425 2832 549 2893 magnos
569 2813 756 2893 vicistisola
776 2814 917 2892 furores,

82 2906 134 2960 130
196 2896 240 2956 Ut
262 2894 359 2956 semel
382 2915 416 2956 es
436 2898 515 2958 llavo
538 2889 700 2958 concfliata
717 2899 793 2958 viro.

156 2981 219 3039 Aut
240 2977 319 3039 nilrll
340 2989 391 3040 aut
412 2980 504 3061 paulo
526 2984 576 3043 cul
599 2990 663 3045 tum
681 2983 854 3044 concedere
876 2981 967 3060 digna

197 3064 268 3124 Lux·
285 3083 353 3123 mea
376 3083 409 3124 se
431 3073 569 3127 nostrum
590 3064 723 3127 contulit
743 3067 776 3125 in
797 3066 962 3144 gremium,

157 3149 253 3224 Quum
275 3149 518 3210 circumcursans
539 3152 612 3211 lsinc
634 3149 723 3210 illinc
743 3168 837 3230 saepe
860 3149 980 3229 Cupido

197 3229 348 3309 Fulgebut
368 3235 490 3294 croclua
512 3234 711 3295 candidusln
730 3235 842 3294 tunica.

82 3323 134 3396 135
156 3317 240 3392 Quae
261 3323 366 3376 tamen
386 3319 445 3377 etsi
462 3337 524 3378 uno
545 3338 607 3378 non
628 3325 677 3378 est
699 3324 844 3378 contenta
866 3317 1002 3396 Catullo,

44 3406 48 3418 '
198 3400 279 3460 Rara
297 3401 491 3462 verecundae
511 3402 596 3462 iurta
612 3401 749 3461 feremus
770 3403 882 3479 herae,

155 3484 203 3544 Ne
223 3486 347 3545 nimium
370 3487 463 3566 aimus
484 3485 649 3546 stultorum
670 3503 756 3545 more
778 3485 913 3546 molesti.
