2302 3922
134 216 178 283 50
512 221 704 277 PROPERTH

241 382 375 447 Vidistis
398 382 535 467 fuscam,
558 384 646 448 ducit
666 386 797 466 uterque
820 384 922 450 color:

198 466 334 532 Vidistis
357 466 515 549 quandam
537 467 658 552 Argiva
678 468 805 552 prodire
826 469 942 553 figura,

240 549 376 614 Vidistis
397 554 538 634 nostras,
561 555 693 635 utraque
714 552 817 616 forma
837 553 935 636 rapit:

148 633 319 699 41111101
341 634 477 733 plebeio·
488 635 538 699 vel
561 635 771 733 sitnsandyois
794 636 925 732 amictu,

200 719 867 899 Cumaescatistqiiiiallidisuilliolnurlilaeriiorlilelta
880 724 1005 888 ilidii,

241 885 314 950 Vna
335 888 379 951 srt
400 888 432 950 et
454 887 553 951 cuivis
575 887 694 951 femina
715 887 816 951 multa
836 888 930 953 mala.

540 1017 689 1025 ..-

479 1102 565 1174 nm
592 1101 748 1194 [xxvu.

199 1221 275 1286 Vidi
296 1226 328 1287 te
350 1224 386 1287 in
408 1224 529 1288 somnis
551 1224 666 1306 fracta,
688 1245 759 1288 mea
780 1225 858 1307 vita,
882 1225 989 1288 carina

240 1307 332 1371 Ionio
355 1308 454 1371 lassas
477 1307 590 1373 ducere
611 1329 682 1372 rore
704 1329 830 1391 manus,

198 1388 242 1453 Et
264 1411 478 1474 quaecumque
499 1392 535 1455 in
555 1413 606 1456 me
627 1392 733 1457 fueras
754 1391 889 1456 mentita
909 1392 1015 1474 fateri,

240 1472 310 1537 Neo
331 1473 395 1537 iam
416 1495 526 1538 umore
549 1496 661 1559 graves
684 1476 797 1539 tollere
841 1495 912 1540 osse
934 1495 1056 1558 comas,

172 1557 336 1630 tQualem
357 1557 523 1639 purpureis
546 1558 701 1640 agitatam
723 1497 872 1622 fluctiCus
893 1558 1025 1642 Hellen,

242 1639 349 1703 Aurea
370 1659 465 1722 quam
486 1640 576 1707 molli
598 1643 724 1724 tergore
746 1643 832 1704 vexit
853 1643 931 1707 ovis.

199 1722 301 1798 Quam
316 1723 422 1804 timui,
437 1745 478 1786 ne
493 1723 576 1786 forte
590 1725 680 1786 tuum
694 1745 780 1787 mare
795 1744 913 1789 nomen
926 1726 1074 1808 haberet,

239 1805 346 1888 Atque
367 1809 424 1870 tua
445 1806 555 1870 labens
569 1807 683 1870 'navita
703 1806 793 1870 fleret
814 1810 908 1890 aqua!

199 1889 285 1966 Quae
304 1893 373 1954 tum
390 1911 450 1976 ego
466 1890 633 1975 Neptuno,
655 1894 819 2039 quaestum
837 1913 908 1955 cum
928 1891 1060 1958 Castore

754 1976 831 2038 ratri

151 2072 183 2120 10
240 2058 388 2144 Quaeque
410 2059 470 2125 tibi
493 2061 602 2144 excepi
623 2063 707 2144 tum,
733 2059 791 2124 dea
812 2024 1005 2124 Leucothoe!

151 2155 183 2203 13
199 2141 290 2218 Quod
313 2144 340 2208 si
361 2143 444 2209 forte
465 2147 538 2209 tuos
560 2144 693 2209 vidisset
714 2143 851 2208 Glaucus
874 2145 1008 2229 coellec,

239 2226 336 2292 Esses
358 2228 442 2293 Ionii
462 2228 548 2293 facta
568 2229 675 2312 puella
695 2230 808 2312 maris,

150 2323 181 2372 15
196 2310 242 2375 Et
261 2312 321 2375 tibi
344 2313 385 2376 ob
406 2312 559 2377 invidiam
579 2312 732 2378 Nereides
754 2312 995 2396 increpitarent,

241 2394 384 2460 Candida
404 2396 542 2479 Nesaee,
566 2397 690 2460 caerula
712 2395 898 2478 Cymothoe.
1093 2446 1096 2451 .

198 2478 259 2544 Sed
281 2480 341 2543 tibi
364 2479 505 2544 subsidio
528 2479 713 2563 delphinum
735 2500 859 2544 currere
880 2479 960 2561 vidi,

240 2561 316 2646 Qui,
339 2565 432 2647 puto,
454 2563 621 2627 Arioniam
641 2567 769 2628 vexerat
789 2566 864 2633 ante
885 2563 997 2646 lyram.

109 2649 112 2654 ’
150 2658 181 2706 11
197 2645 243 2710 At
263 2650 313 2729 tu,
336 2647 390 2710 vix
411 2647 530 2731 primas
553 2647 707 2711 extollens
730 2648 857 2732 gurgite
878 2647 1013 2730 palmas,

149 2740 181 2790 12
239 2728 339 2812 Saepe
361 2752 468 2795 meum
488 2751 607 2795 nomen
628 2731 691 2793 iam
712 2730 853 2813 peritura
874 2751 978 2794 vocas.

80 2806 88 2813 ’
150 2826 182 2874 19
197 2811 328 2893 Iamque
350 2833 410 2908 ego
434 2814 572 2877 conabar
593 2833 716 2877 summo
738 2834 788 2876 me
809 2812 936 2875 mittere
959 2833 1051 2898 saxo,

148 2909 182 2959 20
240 2893 321 2959 Cum
342 2894 422 2958 mhi
444 2895 593 2961 discussit
612 2897 691 2959 talia
711 2896 781 2959 visa
800 2896 912 2958 metus.

539 3016 691 3026 -----ι

556 3107 670 3181 ΧΧΠ.

197 3232 292 3298 Nunc
307 3230 500 3296 admirentur
515 3229 601 3313 quod
615 3232 683 3294 tam
697 3229 777 3294 mihi
791 3230 924 3314 pulchra
937 3232 1042 3315 puella

240 3315 364 3381 Serviat
385 3317 418 3380 et
437 3317 506 3379 tota
528 3314 614 3379 dicar
635 3314 669 3378 in
690 3315 768 3379 urbe
813 3317 914 3379 otens.

196 3399 286 3479 Non,
309 3401 337 3464 si
358 3401 422 3464 iam
444 3399 555 3483 Gygae
575 3398 707 3463 redeant
728 3402 760 3462 et
780 3336 911 3463 [lumina
933 3398 1057 3482 Croesi,

240 3482 336 3549 Dicat
358 3485 414 3549 ‘de
435 3487 545 3549 nostro
568 3504 677 3568 surge,
699 3486 808 3568 poeta,
831 3486 927 3547 toro.’

183 3882 194 3899 ,
235 3800 318 3902 Ἶ-
