2302 3922
351 498 565 598 ALBII
613 496 920 596 TIBVLLI

474 685 595 745 LIBER
615 684 794 745 TERTIVS.

417 898 620 966 LYGDAMI
649 900 851 967 aunella.

620 1038 649 1113 Ι.

220 1139 345 1224 Martis
366 1155 504 1220 Romani
525 1154 625 1218 festae
646 1175 760 1218 venere
781 1153 936 1220 kalendae

263 1240 433 1323 (Exoriens
454 1238 573 1303 nostris
595 1237 670 1302 hino
691 1237 753 1301 fuit
774 1259 876 1302 annus
897 1238 997 1323 avis),

220 1322 265 1387 llt
286 1344 368 1407 vaga
387 1343 473 1386 nuno
495 1325 581 1386 oerta
603 1321 783 1386 discurrunt
803 1322 942 1405 undique
962 1343 1086 1409 pompa

262 1407 384 1489 Perque
406 1405 474 1468 vias
494 1405 582 1468 urbis
604 1426 735 1469 munera
755 1426 874 1489 perque
896 1406 1023 1473 domos:

188 1490 340 1572 oDioite,
362 1488 518 1570 Pierides,
541 1508 679 1571 quonam
701 1489 834 1553 donetur
854 1487 976 1555 honore

263 1574 325 1637 Seu
346 1594 430 1654 mea,
453 1593 508 1635 seu
528 1572 637 1653 fallor,
660 1593 733 1636 cara
754 1572 879 1639 Neaera
898 1576 1017 1640 tamen

220 1657 369 1724 Carmine
391 1657 562 1737 formosae,
585 1657 687 1738 pretio
710 1658 879 1740 capiuntur
899 1679 1026 1726 avarae:

263 1740 419 1822 Gaudeat,
441 1743 478 1803 ut
499 1739 641 1824 dignast,
663 1741 806 1806 versibus
828 1742 884 1806 illa
905 1744 994 1807 meis.

220 1824 320 1890 Lutea
340 1825 395 1889 sed
416 1825 544 1889 niveum
565 1824 707 1889 involvat
728 1826 911 1891 membrana
932 1827 1094 1913 libellum,

171 1923 205 1973 10
260 1909 381 1975 Pumex
403 1913 435 1975 et
457 1931 551 1975 canas
572 1909 704 1976 tondeat
725 1914 799 1976 ante
820 1932 927 1976 oomas

220 1993 411 2078 Summaque
432 1998 596 2079 praetexat
615 1996 721 2060 tenuis
742 1996 874 2081 fastigia
895 1995 1037 2080 chartae,

259 2080 385 2149 Indioet
405 2084 442 2144 ut
461 2101 580 2146 nomen
600 2081 707 2146 littera
727 2081 811 2145 faeta
831 2102 952 2164 meum,

217 2167 325 2250 Atque
346 2166 431 2230 inter
450 2166 595 2251 geminas
615 2166 791 2252 pingantur
811 2186 929 2230 oornua
949 2165 1089 2233 frontose

261 2251 314 2315 sie
335 2251 453 2315 etenim
475 2254 637 2335 comptum
657 2250 783 2314 mittere
805 2252 932 2333 oportet
953 2270 1042 2332 opus.

162 2347 202 2397 nt
216 2335 277 2399 Per
298 2356 355 2399 vos
361 2384 370 2417 ,
394 2338 538 2399 auctores
560 2334 654 2396 huius
675 2332 755 2396 mihi
777 2332 941 2412 carminis,
963 2353 1020 2396 oro

261 2418 496 2500 Castaliamque
517 2417 661 2479 umbram
682 2415 866 2496 Pieriosque
888 2414 989 2494 lacus,

123 2568 126 2576 ,
213 2502 265 2569 ,Ite
289 2502 418 2565 domum
440 2501 621 2581 cultumque
642 2497 690 2561 illi
713 2496 827 2560 donate
849 2494 1009 2580 libellum,
1045 2531 1048 2537 -

259 2585 349 2650 Siout
371 2584 445 2648 erit:
466 2583 573 2646 nullus
596 2581 713 2644 defluat
734 2579 807 2643 inde
830 2579 926 2643 oolor.

215 2670 277 2733 llla
298 2668 377 2732 mihi
397 2668 529 2749 referet,
555 2665 583 2729 si
604 2664 707 2728 nostri
727 2667 837 2727 mutua
858 2669 964 2729 eurast

163 2767 202 2819 ao
257 2754 312 2815 An
332 2751 451 2832 minor,
474 2771 516 2813 an
535 2752 605 2813 toto
627 2751 754 2832 pectore
777 2748 956 2813 deciderim.

217 2836 279 2900 Sed
301 2835 439 2918 primum
459 2834 606 2898 meritam
628 2835 675 2897 lar
698 2853 717 2896 a
738 2832 855 2897 donate
877 2834 978 2898 salute

259 2920 366 3001 Atque
387 2917 467 2981 haee
488 2918 645 2981 submisso
668 2854 763 2981 dieite
785 2918 882 2982 verba
903 2939 992 2983 sono.

215 3002 317 3068 ‘Haeo
330 3001 390 3066 tibi
404 3002 454 3066 vir
468 3002 643 3085 quondam,
658 3022 744 3066 nuno
758 3002 865 3086 frater,
881 3006 967 3067 easta
980 3002 1106 3069 Neaera

258 3087 361 3151 Mittit
382 3088 415 3149 et
436 3086 571 3170 accipias
593 3107 725 3151 munera
745 3107 843 3169 parva
863 3089 973 3172 rogat,

166 3187 199 3239 25
214 3172 321 3322 Teque
343 3171 408 3235 suis
429 3171 513 3235 iurat
534 3191 641 3235 earam
662 3171 765 3255 magis
788 3191 857 3236 esse
877 3171 1041 3253 medullis,

281 3257 332 3322 ive
354 3256 415 3319 sibi
436 3255 576 3319 ooniunx
597 3256 663 3319 sive
684 3255 792 3319 futura
814 3276 912 3321 soror.

216 3341 279 3407 Sed
300 3341 407 3423 potius
430 3340 581 3404 coniunx:
603 3338 698 3404 huius
720 3362 809 3423 spem
830 3340 969 3404 nominis
991 3338 1041 3402 illi

258 3425 393 3489 Auferet
414 3424 554 3490 extincto
576 3424 695 3507 pallida
717 3422 801 3488 Ditis
823 3431 925 3507 aqua’

557 3563 708 3573 ——-—·--=

85 3731 200 3882 ..Ἷ
