2302 3922
322 231 673 320 οιιιιιιιοιιιιι.
694 244 737 298 aa.
803 260 809 275 ·
990 236 1032 302 55

160 401 203 460 Ut
224 402 281 459 tibi
302 408 374 459 tunc
393 406 459 461 toto
480 410 609 481 pectore
629 403 781 464 sollicitae

64 496 100 548 25
122 485 270 544 Sensibus
292 485 410 562 ereptis
432 504 517 545 mena
539 485 669 546 excidit!
690 493 721 546 at
742 493 775 546 te
796 505 853 564 ego
875 494 961 548 certe

162 568 335 645 cognoram
357 586 373 625 a
393 588 486 647 parva
506 570 625 647 virgine
644 572 871 649 magnanimum.

120 653 209 712 Anne
229 652 342 710 honum
358 651 453 711 oblita
474 671 508 712 es
528 654 662 732 facinus,
682 674 742 733 quo
764 655 882 732 reglum
896 651 1032 734 adepta'a

160 736 357 812 Coniugium,
380 755 439 813 quo
461 756 523 796 non
545 737 656 796 fortius
677 739 755 797 ausit
776 736 856 797 alisi

119 818 183 879 Sed
197 826 261 877 tum
277 824 391 878 maesta
409 821 506 879 virum
522 821 647 881 mittens
664 838 741 899 quae
757 821 851 880 verha
866 818 969 881 locuta
984 821 1032 880 es!

63 914 102 968 30
163 902 317 982 luppiter,
340 908 373 961 ut
393 905 477 962 tristi
498 902 613 963 lumina
634 921 726 983 saepe
748 905 851 963 manu!

120 988 194 1062 Quis
214 994 247 1045 te
267 988 396 1045 mutavit
414 994 517 1047 tantus
540 987 637 1048 deust
658 1007 698 1047 an
718 985 800 1066 quod
821 993 956 1048 amantea

158 1070 227 1129 Non
246 1068 341 1147 longe
363 1089 380 1128 a
402 1089 473 1129 caro
496 1089 627 1150 corpore
648 1073 756 1131 abesse
777 1069 905 1131 volunt‘i

23 1165 31 1170 '
119 1155 222 1231 Atque
240 1155 284 1213 ibi
301 1171 350 1211 me
372 1154 489 1214 cunctis
508 1174 565 1235 pro
587 1154 671 1214 dulci
692 1156 822 1232 coniuge
842 1152 919 1213 divis

162 1238 231 1297 Non
252 1238 319 1297 sine
342 1238 462 1296 taurino
484 1239 631 1316 sanguine
651 1236 793 1318 pollicita
813 1255 863 1314 es,

63 1333 101 1386 35
123 1322 157 1380 Si
176 1319 310 1381 reditum
332 1319 500 1382 tetulisset.
520 1323 548 1381 is
569 1321 644 1382 haut
663 1325 697 1382 in
717 1328 857 1401 tempore
877 1318 969 1400 longo

161 1405 289 1483 Captum
311 1406 414 1463 Asiam
436 1406 570 1485 Aegypti
590 1407 701 1466 finibus
723 1403 893 1466 addiderat.

120 1489 194 1566 Quis
216 1506 273 1565 ego
293 1507 351 1568 pro
373 1490 463 1549 factis
485 1488 612 1549 caelesti
632 1488 754 1551 reddita
775 1493 866 1549 coetu

156 1573 292 1631 Pristim
313 1580 383 1632 vote
404 1593 482 1632 novo
500 1592 627 1634 munere
648 1572 794 1635 dissoluo.

118 1656 231 1731 Inrita,
255 1677 272 1715 o
294 1659 417 1735 regina,
438 1664 492 1717 tuo
514 1657 553 1717 de
573 1659 692 1719 vertice
711 1659 805 1734 cessi,
1019 1718 1039 1739 Ι,

61 1751 101 1804 40
163 1740 275 1800 Invita:
298 1738 404 1801 adiuro
427 1748 522 1820 teque
544 1748 690 1820 tuumque
711 1747 817 1820 caput,
928 1740 930 1744 ⁴

118 1825 218 1902 Digna
239 1825 321 1884 ferat
344 1824 426 1903 quod
447 1827 543 1903 siquis
563 1827 697 1885 inaniter
718 1823 880 1884 adiurarit:

162 1906 225 1966 Sed
247 1909 299 1986 qui
320 1928 353 1968 se
372 1909 458 1968 ferro
479 1907 618 1988 postulet
639 1927 707 1968 ease
725 1908 855 1988 parem?

118 1990 176 2052 llle
193 2011 316 2070 quoque
330 2010 455 2051 eversus
468 2012 555 2052 mons
570 1998 628 2069 est,
644 2010 734 2071 quem
748 1992 907 2050 maximum
920 1992 954 2050 in
970 1991 1032 2050 oris

159 2076 328 2154 Progenies
352 2075 452 2136 Thiae
472 2075 554 2136 clara
576 2075 807 2154 supervehitur,

63 2170 100 2224 45
123 2161 198 2220 Cum
213 2158 301 2220 Medi
320 2157 487 2239 propulere
504 2178 614 2218 novum
632 2175 733 2234 mare,
750 2175 879 2235 cumque
892 2158 1031 2217 iuventus

17 2256 21 2266 ·
160 2243 221 2303 Per
242 2242 375 2303 medium
397 2241 488 2302 classi
507 2243 637 2302 barbara
658 2241 741 2300 navit
756 2240 869 2300 Athon.

119 2326 201 2403 Quid
221 2328 337 2387 facient
359 2322 477 2403 crines,
500 2344 568 2385 cum
589 2326 675 2385 ferro
693 2321 769 2384 talia
787 2321 919 2383 cedant?

159 2412 314 2491 luppiter,
335 2418 370 2470 ut
391 2409 562 2489 Chalybum
583 2427 673 2469 omne
694 2426 788 2487 genus
809 2412 934 2486 pereat,

118 2497 159 2555 nt
179 2497 231 2574 qui
251 2495 405 2575 principio
428 2497 483 2554 suh
505 2500 591 2554 terra
610 2509 760 2572 quaerere
780 2509 873 2551 venas
911 2570 919 2579 ἱ

64 2588 100 2640 50
160 2579 277 2638 institit
296 2599 330 2638 ac
350 2578 429 2638 ferri
449 2579 594 2656 frangere
617 2576 775 2637 duritiem!

118 2663 291 2722 Abiunctae
312 2661 404 2742 paulo
425 2669 496 2722 ante
518 2679 621 2722 comae
642 2678 709 2720 mea
730 2659 793 2719 fata
814 2674 938 2719 sorores

158 2746 335 2823 Lugebant,
357 2766 425 2805 cum
448 2765 481 2806 se
502 2746 677 2808 Memnonis
695 2743 858 2823 Aethiopis

118 2830 261 2906 Unigena
280 2829 443 2910 impellens
464 2831 642 2892 nutantibus
664 2847 736 2888 aera
755 2827 885 2908 pennis

110 2909 285 2971 Obtulit
303 2914 452 2973 Arsinoes
474 2912 628 2992 Cypridos
645 2910 709 2972 ales
731 2930 844 2992 equos,

312 2998 465 3057 aetherias
487 3015 536 3057 me
558 2996 674 3057 tollens
695 2987 817 3058 advolat
837 2993 958 3052 umbras

83 3131 89 3141 „
207 3132 227 3141 ,.
311 3082 354 3140 ris
371 3089 455 3142 casto
478 3079 641 3140 collocat
631 3099 665 3139 ιιι
687 3079 813 3157 gremio.

282 3163 497 3245 Zephyritis
516 3182 554 3224 eo
576 3162 723 3224 famulum
741 3159 876 3240 legarat,

340 3249 438 3328 opieis
456 3245 560 3309 incola
579 3247 732 3307 litoribus.
825 3261 828 3266 ·

233 3342 251 3411 {r
329 3332 374 3392 ihi
395 3333 539 3392 rarione
559 3327 687 3390 solum
677 3349 710 3389 ιιι
731 3326 845 3388 lumine
868 3321 946 3385 caeli

222 3406 235 3439 ·⁵'
308 3415 395 3475 'neis
414 3435 507 3476 aurea
524 3415 716 3493 temporibus

316 3498 453 3620 efflet,
473 3497 531 3566 sed
549 3515 609 3558 noa
630 3514 757 3579 qnoque
769 3491 993 3572 uigerem
