2302 3922
91 182 154 251 rn]
490 176 598 231 amaa
618 176 654 233 11.
789 190 793 197 ⁴
1014 164 1056 230 27

92 342 163 408 Nec
184 341 258 422 tibi,
281 359 479 424 gemmarum
503 336 654 420 quidquid
676 335 821 400 felicibus
842 334 932 400 Indis
1024 342 1058 393 15

136 424 303 507 Nascitur,
325 423 386 486 Eoi
409 443 471 505 qua
492 422 588 484 maris
608 419 695 484 unda
714 419 816 484 rubet.

93 508 181 573 Vota
202 507 329 572 cadunt.
359 506 455 569 viden
476 507 513 567 ut
534 504 774 587 strepitantibus
796 502 922 568 advolet
943 500 1001 565 alis

136 591 298 674 Flavaque
320 589 470 674 coniugio
492 588 618 651 vincula
638 591 746 671 portet
766 588 882 671 Amor,

93 675 242 757 Vincula,
255 694 335 757 quae
349 674 500 737 maneant
514 693 648 754 semper,
663 671 738 735 dum
751 671 842 735 tarda
856 672 1002 735 senectus

137 758 275 823 Inducat
295 779 391 842 rugas
412 756 595 838 inficiatque
617 775 732 819 comas.
1024 763 1061 813 20

94 842 167 909 Hac
188 842 296 907 veniat
316 841 432 904 natalis
454 840 505 903 avi
526 838 711 923 prolemque
733 838 906 922 ministret,

138 925 243 991 Ludat
264 928 297 989 et
318 930 392 989 ante
414 928 486 988 tuos
508 924 602 987 turba
622 923 749 987 novella
768 922 875 1006 pedes.

504 1053 657 1063 ————

543 1136 607 1209 ΠΙ.

98 1262 187 1329 Rura
208 1280 328 1341 meam,
350 1256 505 1338 Cornute,
527 1261 639 1321 tenent
659 1260 815 1343 villaeque
836 1258 992 1343 puellamr

141 1346 276 1410 Ferreus
299 1344 364 1423 est,
385 1341 448 1404 heu
468 1339 546 1424 heu,
569 1342 710 1426 quisquis
731 1345 766 1407 in
787 1342 865 1407 urba
885 1343 1002 1406 manet

98 1430 175 1514 Ipsa
196 1427 306 1491 Venus
328 1426 429 1488 laetos
450 1425 513 1488 iam
535 1446 622 1489 nune
642 1428 793 1511 migravit
813 1428 849 1491 in
869 1445 979 1510 agros,

142 1512 312 1593 Verbaque
334 1507 467 1572 aratoris
489 1510 609 1574 rustica
630 1511 723 1575 discit
743 1512 852 1575 Amor.

99 1596 129 1663 0
145 1616 220 1681 ego,
236 1615 309 1659 cum
323 1593 497 1675 aspicerem
512 1593 687 1678 dominam,
709 1617 803 1679 quam
817 1594 945 1659 sortiter
958 1590 1026 1655 illic
1046 1601 1063 1650 5

143 1680 314 1744 Versarem
335 1676 439 1741 valido
461 1676 580 1761 pingue
602 1679 730 1743 bidente
752 1680 855 1743 solum

102 1766 133 1831 A
177 1763 338 1845 'colasque
359 1759 455 1824 modo
478 1780 608 1825 curvum
629 1768 767 1828 sectarer
789 1766 942 1844 aratrum,

176 1870 230 1912 um
252 1846 405 1929 subigunt
426 1845 549 1909 steriles
571 1869 646 1911 arva
667 1847 799 1912 serenda
820 1847 931 1909 boves!

104 1931 174 1999 Nec
197 1950 359 2016 quererer,
382 1927 467 2010 quod
489 1930 536 1993 sol
559 1931 692 2014 graciles
715 1932 859 1995 exureret
879 1931 980 2011 artus,

146 2014 301 2079 Laederet
322 2017 355 2077 et
375 2014 502 2076 teneras
523 2015 655 2097 pussula
674 2019 768 2098 rupta
787 2033 911 2077 manus.
1034 2020 1068 2069 ιο

103 2100 198 2165 Pavit
218 2101 252 2162 et
272 2096 402 2160 Admeti
423 2098 532 2160 tauros
554 2098 712 2162 formosus
734 2097 866 2181 Apollo,

146 2181 216 2249 Nec
237 2179 359 2246 cithara
379 2180 526 2244 intonsae
547 2182 774 2264 profueruntue
796 2202 920 2262 comae,

103 2267 174 2335 Nec
195 2265 302 2363 potuit
324 2284 414 2328 curas
437 2284 549 2329 sanare
571 2266 750 2330 salubribus
770 2264 893 2328 herbis:

148 2349 309 2433 Quidquid
330 2352 399 2412 erat
419 2348 559 2413 medicae
581 2350 699 2415 vicerat
719 2348 796 2413 artis
817 2368 916 2413 amor⁸

105 2436 181 2520 lpse
203 2435 279 2498 deus
302 2432 415 2496 solitus
437 2434 571 2498 stabulis
592 2435 748 2517 expellere
771 2452 884 2497 vaccas

106 2602 151 2668 llt
170 2602 305 2666 miscere
326 2620 410 2664 novo
433 2600 578 2723 dpcuisse
601 2603 734 2724 eoagulba
755 2603 852 2682 lacte,

153 2769 300 2858 [Lacteus
321 2772 354 2833 et
374 2769 492 2865 mixtus
514 2735 691 2856 obriguisse
712 2766 841 2866 liquor]

108 2856 192 2919 Tum
212 2852 333 2917 fiscella
353 2852 416 2917 leur
438 2854 596 2920 detextast
616 2856 734 2919 vimine
755 2855 858 2937 iuncr,
1040 2859 1073 2912 1⁶

150 2938 296 3033 Raraque
317 2958 374 3032 per
395 2958 495 3002 nexus
516 2943 566 3003 est
585 2940 637 3004 via
657 2939 745 3003 facta
765 2960 846 3004 sero.

151 3024 307 3169 lquotrens
329 3020 386 3083 1110
408 3022 544 3087 vitulum
564 3027 711 3120 gestante
732 3044 790 3108 per
811 3041 905 3106 agros

183 3108 279 3169 rcrtur
299 3125 470 3169 occurrens
493 3107 653 3173 erubursse
675 3109 779 3172 soror!

153 3189 308 3335 lquotiens
330 3209 440 3271 ausae,
464 3194 593 3254 caneret
614 3192 689 3255 dum
710 3191 793 3254 valle
815 3188 875 3253 sub
897 3188 978 3269 alta,

184 3293 313 3355 umpere
334 3275 460 3359 mugitu
482 3275 622 3339 carmina
644 3275 738 3338 docta
758 3273 872 3337 boves!
1040 3279 1076 3328 20

112 3356 214 3440 Saepe
237 3356 332 3419 duces
353 3358 488 3443 trepidis
510 3361 628 3442 petiere
651 3357 777 3421 oracula
797 3354 907 3438 rebus,

76 3472 79 3478 ·
154 3440 253 3507 Venit
274 3444 307 3504 et
327 3462 346 3504 a
367 3443 496 3527 templis
518 3444 608 3507 irrita
628 3441 721 3506 turba
743 3440 887 3504 domum:

109 3022 138 3086 0

110 3189 139 3253 0

1043 3589 1131 3640 J
