2302 3922
50 196 102 307 76x

510 356 586 419 VH.

51 474 210 536 connubia
231 492 290 534 eoo
313 513 473 533 ......
497 473 638 531 carbasus
660 467 761 530 Euros

49 559 508 619 Umbrosao....an...

85 655 224 706 carbasus
243 657 272 704 et
289 650 437 702 masculino
455 657 483 703 et
500 650 629 703 feminino
648 667 748 718 genere
766 648 857 703 dictus
876 657 928 704 est.
951 651 1046 704 Catul-

119 724 177 774 lus:
196 722 317 786 lntorpr.
339 719 439 788 Virgo.
462 720 561 771 Veron.
580 720 618 771 od
632 722 702 771 Aen.
719 720 750 786 8,
767 720 812 773 34.

424 838 593 902 rVIII.

83 953 144 1016 Quo
164 960 193 1006 te
209 945 330 1006 carmine
346 953 449 1020 dicam,
467 953 624 1006 Rhaetica?
651 954 730 1006 Hanc
748 970 827 1007 uvam
845 955 915 1007 Cato
938 955 1045 1023 praeci·

22 1040 25 1045 ·
116 1037 171 1090 pue
189 1022 285 1074 laudat
302 1024 331 1074 in
350 1023 429 1075 libris
448 1038 516 1092 quos
533 1023 647 1091 scripsit
665 1024 699 1075 ad
717 1023 814 1076 filiurn:
834 1032 931 1076 contra
949 1023 1045 1076 Catul-

117 1092 159 1142 lus
177 1109 236 1144 eam
253 1091 397 1160 vituperat
420 1098 448 1144 et
472 1091 543 1143 dicit
566 1091 635 1143 nulli
651 1092 692 1145 rei
711 1101 802 1163 aptam
820 1109 893 1159 esse,
917 1092 1045 1145 miratur·

118 1175 171 1230 que
190 1177 239 1212 our
258 1178 315 1213 eam
333 1159 488 1212 laudaverit
506 1160 586 1212 Cato.
617 1161 731 1212 Servios
749 1162 787 1213 od
805 1179 907 1230 georg.
925 1163 957 1228 2,
975 1161 1019 1216 95.

513 1281 576 1345 IX.

81 1395 154 1446 Hinc
173 1391 318 1446 Theocriti
336 1393 409 1461 apud
428 1395 566 1461 Graecos,
590 1395 694 1447 Catulli
713 1396 784 1463 apud
802 1413 851 1448 nos
870 1395 1045 1464 proximeque

116 1462 230 1530 Virgilii
247 1463 511 1514 incantamentorum
537 1465 669 1516 amatoria
686 1464 815 1516 inritatio.
851 1466 962 1518 Plinioo
979 1465 1044 1516 hist.

116 1538 176 1583 nol.
197 1530 246 1597 28,
264 1531 290 1581 2.
310 1547 334 1581 a.
353 1530 379 1582 4.

523 1651 567 1713 X.

80 1768 153 1819 Hinc
171 1768 253 1820 etiam
272 1766 398 1818 Catullus
416 1768 515 1820 cavere
533 1767 612 1820 dixit.
640 1769 753 1822 Servios
771 1772 809 1822 od
827 1772 895 1823 Aeo.
914 1771 947 1840 4,
965 1772 1028 1827 4⁰9.

513 1889 576 1954 XI.

80 1998 238 2052 Notandum
257 2019 323 2056 sane
348 2002 430 2056 etiam
455 2003 490 2056 de
512 2004 583 2056 iride
600 2021 691 2058 arcum
714 2023 813 2073 genere
829 1994 979 2061 maseulino
1002 2008 1044 2063 di·

116 2084 178 2120 cere
195 2067 355 2137 Virgilium:
381 2072 506 2124 Catullus
533 2081 562 2127 et
585 2074 633 2127 alii
658 2092 756 2143 genere
779 2076 907 2130 feminino
927 2088 1044 2146 ponunt.

115 2137 229 2190 Seroiuo
247 2140 286 2191 od
302 2143 371 2195 Aen.
392 2143 423 2208 5,
440 2141 500 2195 610.
