2302 3922
131 238 174 303 18
538 241 683 298 neuun
1008 240 1100 311 [rur.

194 404 264 470 Neo
283 405 321 468 tu
342 403 481 467 difficilis
503 425 601 487 puero
622 406 730 467 tamen
752 423 821 467 esse
842 405 1003 467 memento

239 487 457 571 (Persequitur
477 488 589 570 poenis
614 488 719 551 tristia
741 487 827 551 facta
847 486 986 572 Venus),

196 572 329 635 Munera
349 592 409 634 nec
430 592 559 654 poscas:
582 571 636 634 det
656 592 788 635 munera
809 592 907 635 canus
929 572 1075 653 amator,

146 669 181 718 30
237 654 282 717 Vt
303 655 410 718 foveas
432 656 522 718 molli
542 655 660 739 frigida
680 655 822 718 membra
844 655 925 718 sinu.

197 738 309 803 Carior
330 741 381 802 est
402 759 478 802 auro
500 739 638 822 invenie,
661 739 712 818 cui
734 738 816 802 levia
838 738 963 822 fulgent

240 822 304 886 Ora
326 843 385 886 neo
407 823 570 905 amplexus
593 844 703 905 aspera
724 822 824 885 barba
844 823 928 885 terit.

197 906 283 970 Huic
303 909 340 971 tu
363 906 533 970 candentes
555 926 665 970 umero
688 926 831 989 suppone
853 906 1004 989 lacertos,

241 989 285 1055 Et
306 1012 417 1075 regum
438 1011 573 1074 magnae
595 990 808 1073 despiciantur
829 1010 914 1072 opes.

146 1084 181 1137 35
195 1076 242 1138 At
262 1073 371 1139 Venus
393 1074 534 1138 inveniet
555 1095 652 1157 puero
675 1072 878 1138 succumbere
899 1073 1029 1157 furtim,

240 1158 325 1222 Dum
346 1159 452 1240 timet,
474 1160 511 1222 ut
531 1161 659 1223 teneros
682 1160 829 1222 conserat
850 1178 949 1241 usque
972 1158 1078 1241 sinus,

196 1242 242 1309 Et
263 1243 337 1305 dare
359 1242 521 1305 anhelanti
542 1242 759 1328 pugnantibus
780 1240 886 1305 umida
908 1241 1027 1325 linguis

242 1326 359 1390 Oscula
381 1329 413 1388 et
433 1326 468 1388 in
491 1325 573 1390 collo
595 1326 692 1411 figere
715 1326 808 1389 dente
829 1328 933 1388 notas.

199 1410 276 1475 Non
307 1408 388 1492 lapis
421 1407 504 1472 hanc
532 1430 738 1492 gemmaeque
771 1410 895 1491 iuvant,
929 1429 1009 1493 quae
1041 1409 1100 1473 fri·

148 1591 184 1640 40
241 1576 389 1640 Dormiat
410 1578 442 1640 et
462 1576 543 1639 nulli
565 1576 607 1639 sit
628 1493 909 1659 cupienddniirsd.la

200 1661 274 1725 Heu
296 1680 366 1723 sero
387 1662 555 1723 revocatur
576 1680 664 1723 amor
686 1679 818 1744 seroque
839 1661 982 1744 iuventa,

246 1743 327 1809 Cum
348 1746 439 1807 vetus
461 1742 573 1805 infecit
596 1764 675 1807 cana
696 1747 824 1807 senecta
847 1747 951 1827 caput.

199 1828 281 1892 Turn
303 1827 442 1891 studium
468 1827 634 1891 formaest:
665 1848 756 1891 corna
782 1831 851 1892 tum
878 1832 1034 1913 mutatur,
1061 1830 1101 1895 ut

741 1933 843 1976 annos

246 1997 435 2062 Dissimulet
455 1996 549 2061 viridi
570 1996 687 2062 cortice
709 1996 810 2062 tincta
829 1997 935 2063 nucist

150 2096 184 2144 45
199 2082 324 2146 Tollere
345 2086 415 2145 tum
437 2086 544 2146 curast
564 2082 654 2146 albos
676 2103 694 2144 a
719 2082 817 2167 stirpe
841 2082 972 2166 capillos

242 2166 287 2231 Et
307 2165 423 2231 faciem
446 2165 574 2251 dempta
595 2167 678 2250 pelle
699 2167 818 2231 referre
840 2188 964 2230 novam.

200 2251 247 2315 At
268 2254 317 2334 tu,
341 2251 416 2315 dum
438 2252 533 2334 primi
553 2251 646 2315 floret
666 2250 726 2314 tibi
747 2251 899 2335 temporis
921 2253 1024 2333 aetas,

243 2335 355 2400 Vtere:
378 2357 445 2398 non
466 2335 556 2399 tardo
579 2336 697 2399 labitur
717 2335 775 2398 illa
794 2336 883 2418 pede.

200 2420 274 2485 Neu
288 2418 471 2483 Marathum
484 2422 614 2501 torque:
631 2439 729 2502 puero
745 2438 825 2501 quae
839 2417 943 2500 gloria
958 2416 1101 2482 victost?

151 2516 185 2565 50
241 2502 280 2566 In
301 2506 423 2566 veteres
445 2506 513 2566 esto
536 2502 628 2583 dura,
651 2501 771 2584 puella,
795 2520 894 2562 senes.

201 2586 300 2650 Parce
322 2607 434 2669 precor
455 2589 580 2649 tenero:
602 2605 669 2649 non
689 2584 737 2647 illi
759 2583 882 2646 sontica
903 2584 1042 2665 causant,

245 2668 306 2734 Sed
327 2670 445 2734 nimius
467 2670 535 2732 luto
557 2688 690 2752 corpora
711 2667 809 2751 tingit
830 2686 927 2730 amor.

202 2752 263 2818 Vel
284 2754 380 2818 miser
401 2753 525 2817 absenti
547 2754 683 2815 maestas
706 2771 915 2834 quamsaepe
937 2751 1081 2833 querelas

245 2836 372 2903 Gonicit
393 2840 426 2900 et
447 2836 587 2899 lacrimis
609 2836 718 2899 omnia
738 2836 834 2918 plena
854 2832 999 2899 madent!

152 2921 304 2998 125³de
324 2940 375 2983 me
397 2919 562 3003 spernisl’
585 2919 638 2983 ait.
669 2922 812 3002 ‘poterat
834 2919 978 2984 custodia
998 2919 1100 2985 vincit

244 3005 318 3088 Ipse
339 3002 427 3067 dedit
449 3002 570 3087 cupidis
592 3003 704 3067 fallere
725 3025 820 3087 posse
842 3005 927 3068 deus.

201 3089 289 3156 Nota
311 3087 420 3151 Venus
442 3088 559 3152 furtiva
581 3088 705 3172 mihist,
727 3091 764 3152 ut
784 3089 866 3152 lenis
889 3092 1002 3173 agatur

246 3173 398 3258 Spiritus,
421 3175 458 3237 ut
478 3194 538 3236 nec
560 3172 636 3236 dent
658 3173 767 3237 oscula
787 3176 880 3257 rapta
902 3194 1032 3237 sonum:

201 3258 247 3325 Et
267 3279 397 3341 possum
419 3256 522 3321 media
544 3258 687 3341 quamvis
709 3258 860 3341 obrepere
882 3260 975 3322 nocto

151 3357 187 3406 oo
243 3343 288 3408 Et
309 3343 444 3425 strepitu
465 3342 554 3406 nullo
579 3343 661 3405 clam
681 3363 823 3406 reserare
844 3342 939 3406 forae.

203 3427 286 3502 Quid
308 3429 443 3508 prosunt
464 3428 564 3509 artes,
586 3427 737 3492 miserum
759 3427 787 3490 si
808 3426 929 3510 spernit
942 3424 1101 3488 amantem

243 3510 290 3575 Et
310 3510 394 3595 fugit
415 3531 454 3574 ex
474 3510 545 3594 ipso
568 3532 661 3576 saeva
681 3512 787 3596 puella
808 3509 901 3574 toro?

353 3747 436 3804 fla

439 3859 467 3910 l.
