2302 3922
94 193 136 257 36

387 188 582 252 cnnnnnl
604 187 735 265 cinni.
751 192 794 254 61.

295 364 353 438 At,
374 361 501 438 marite,
545 361 590 418 its
609 376 659 417 me
676 359 783 418 invent

289 438 454 531 Coclites]
475 445 506 503 ni
555 462 574 501 o
595 442 694 502 minus
756 461 760 468 ·

297 528 432 590 Pulcher
454 546 505 605 es,
526 543 631 604 neque
650 531 684 585 te
705 525 811 587 Venus

221 622 271 676 195
292 611 440 690 Negligit.
467 609 523 672 sed
545 612 609 670 obit
630 608 714 669 dics:

340 696 460 774 Perge,
481 713 522 755 ne
544 711 713 757 remorsre.

297 838 364 898 Non
385 836 437 898 din
457 841 630 897 remoratus
652 852 697 911 es,
744 845 752 858 ’

297 921 358 983 ism
378 923 474 983 venis.
503 922 636 980 bonate
657 918 763 981 Venus

299 1007 430 1084 iuverit,
452 1005 600 1085 qnoniam,
616 1000 725 1083 polam·

221 1100 273 1153 200
294 1090 383 1169 Quod
407 1091 493 1171 cnpis
515 1089 599 1167 capis
621 1089 786 1168 othonum

337 1176 407 1235 Non
428 1171 589 1234 abscondis
611 1189 753 1232 nmorem.

297 1320 355 1381 llle
376 1316 515 1401 pulveris
536 1317 658 1378 Africci

301 1403 507 1482 Sidernmqne
529 1404 705 1462 micantium

300 1486 457 1548 thdncat
477 1504 639 1545 nnmerum
659 1486 756 1562 prins,

221 1581 271 1634 205
299 1572 358 1649 Qui
378 1572 475 1630 vostri
495 1586 658 1629 nnmercrc
679 1567 744 1628 volt

220 1655 223 1666 '
335 1653 435 1716 Multo
452 1652 535 1713 milis
554 1650 659 1722 Indoi·

297 1784 410 1844 LndIte
428 1791 463 1843 ut
482 1781 587 1860 lubet,
609 1791 642 1843 et
662 1784 750 1844 brevi

295 1868 426 1928 Liberos
447 1865 528 1928 dcte.
559 1886 622 1926 non
640 1865 732 1928 decet
829 1899 832 1906 Α

170 1961 173 1982 ·
299 1951 377 2013 Tam
396 1959 484 2012 vetus
503 1950 571 2011 sine
590 1947 701 2011 liberis

221 2044 273 2097 210
292 2035 410 2096 Nomen
434 2053 520 2113 esse,
538 2032 595 2094 sed
615 2033 753 2096 indidem

342 2120 472 2202 Semper
492 2120 677 2198 ingenerari.

301 2245 477 2326 Torquatus
497 2243 566 2306 volo
588 2243 731 2327 psrvnlns

300 2331 411 2391 Metris
434 2349 452 2389 e
471 2331 588 2408 gremio
610 2347 683 2389 ruse

295 2413 464 2492 Porrigens
483 2418 610 2473 teneras
630 2429 737 2473 monus

221 2504 273 2557 215
294 2495 391 2557 Dulce
408 2495 511 2564 rideat
531 2495 569 2554 ad
592 2503 713 2574 patrem

299 2583 303 2590 '
342 2579 531 2639 Semihinnte
550 2576 675 2638 labello.

300 2704 349 2766 Sit
368 2725 422 2766 ruo
443 2705 551 2765 similis
573 2707 655 2785 pctri

297 2787 414 2850 Msnlio
437 2795 470 2848 et
488 2786 582 2848 focile
603 2789 729 2849 inscicis

298 2872 477 2932 Noscitetnr
499 2874 536 2932 ab
556 2873 696 2932 omnibns

220 2966 273 3018 220
291 2956 333 3019 nt
354 2954 532 3034 pudicitiam
551 2975 625 3016 snae

336 3040 448 3101 Matris
469 3039 588 3101 indicet
610 3058 673 3102 ore.

300 3165 386 3226 Telis
405 3164 490 3226 illins
512 3158 630 3225 a'bons

299 3250 402 3311 Matre
421 3247 488 3310 lsns
509 3269 605 3330 genus
625 3249 787 3330 approbet,

300 3332 403 3410 Qualis
423 3335 513 3394 unies
533 3335 570 3394 cb
591 3335 706 3415 optimo

219 3425 270 3478 225
297 3417 400 3478 Matre
421 3416 612 3479 Telemacho
633 3424 736 3480 manet
