2302 3922
71 193 184 264 XVIII.]
478 190 586 246 LIBER
607 191 628 248 1.

114 353 158 417 Et
178 352 344 415 matutinis
366 351 524 435 obstrepit
546 354 684 417 alitibus.

72 437 124 503 Sic
147 457 206 520 ego
228 456 314 499 nunc
337 436 485 499 dominae
506 436 592 500 vitiis
615 441 647 501 et
669 458 793 520 semper
819 437 955 502 amant-is

114 519 257 584 Fletibus
279 520 401 584 alterna
423 519 551 583 differor
572 520 700 584 invidia.

476 642 624 762 {iri

71 806 116 871 ut
136 806 266 887 merito,
291 804 440 888 quoniam
462 805 553 888 potui
577 804 698 890 fugisse
720 806 873 888 puellam!

114 889 210 954 Nunc
233 910 291 973 ego
315 889 455 952 desertas
479 889 624 971 alloquor
646 889 805 971 alcyones.

71 973 141 1038 Neo
163 971 242 1035 mihi
265 971 418 1054 Cassiope
440 972 559 1035 salvam
582 973 687 1036 visura
710 973 895 1053 carinamst,

116 1056 291 1138 Omniaque
313 1056 440 1138 ingrato
463 1056 569 1118 littore
591 1059 666 1119 vota
688 1056 812 1120 cadent.

73 1139 158 1215 Quin
181 1140 275 1202 etiam
299 1138 423 1202 absenti
445 1142 581 1222 prosunt
601 1140 677 1222 tibi,
702 1139 857 1222 Cynthia,
879 1140 981 1204 venti:
1020 1153 1037 1202 5

115 1223 247 1306 Aspice,
271 1243 365 1305 quam
388 1243 498 1285 saevas
520 1222 664 1305 increpat
686 1244 761 1286 aura
782 1223 895 1287 minas.

73 1306 212 1371 Nullane
234 1307 378 1389 placatae
400 1306 508 1369 veniet
529 1307 660 1369 fortuna
680 1307 860 1390 procellae?

115 1389 257 1454 Haecine
280 1411 379 1473 parva
400 1411 507 1453 meum
529 1390 623 1454 funus
646 1390 767 1454 herena
787 1391 897 1476 teget?

74 1473 123 1538 Tu
144 1477 254 1537 tamen
276 1475 310 1538 in
332 1474 446 1538 melius
469 1495 579 1538 saevas
603 1479 751 1539 converte
774 1475 933 1558 querelas:

117 1557 175 1622 Sat
196 1558 256 1621 tibi
279 1559 321 1622 sit
342 1579 465 1641 poenae
487 1579 552 1620 nox
575 1561 606 1622 et
627 1558 737 1642 iniqua
758 1559 849 1622 vada.

73 1642 126 1705 An
148 1642 267 1724 poteris
291 1642 382 1706 siccis
405 1664 475 1706 mea
496 1642 563 1705 fata
585 1663 747 1725 opponere
770 1643 896 1726 ocellis,

117 1724 258 1808 Ossaque
281 1727 369 1789 nulla
390 1729 446 1789 tuo
468 1728 580 1789 nostra
602 1730 709 1790 tenere
732 1726 825 1790 sinu?

74 1811 105 1873 A
127 1813 250 1892 pereat,
274 1811 463 1893 quicumque
484 1814 568 1873 rates
590 1814 623 1874 et
645 1810 714 1874 vela
734 1810 860 1894 paravit

116 1892 240 1956 Primus
263 1897 296 1956 et
316 1895 417 1957 invito
501 1894 567 1990 gite
590 1893 668 1958 fecit
689 1895 758 1958 iter.

74 1977 191 2042 Nonne
214 1977 275 2038 fuit
297 1978 409 2041 melius
454 1998 580 2041 omrnae
601 1978 785 2061 pervincere
806 1999 910 2041 mores

118 2059 281 2144 (Quemvis
305 2062 397 2145 dura,
419 2065 529 2125 tamen
550 2083 622 2125 rara
642 2061 747 2145 puella
768 2060 857 2147 fuit),
940 2128 943 2132 ,

75 2144 178 2219 Quam
200 2145 245 2208 sic
268 2144 389 2226 ignotis
412 2145 605 2209 circumdata
626 2146 735 2209 littora
756 2145 844 2209 silvis

118 2227 254 2292 Cernere
278 2232 309 2292 et
331 2231 457 2313 optatos
480 2250 629 2313 quaerere
651 2228 869 2313 Tyndaridas?

74 2311 145 2375 Illic
168 2313 259 2395 siqua
280 2334 387 2377 meum
409 2314 597 2397 sepelissent
617 2313 685 2376 fata
707 2313 862 2394 dolorem,

116 2395 256 2459 Vltimus
279 2399 311 2459 et
330 2397 435 2480 posito
459 2400 557 2460 staret
579 2418 686 2461 amore
708 2397 799 2480 lapis,

74 2478 135 2542 Illa
156 2501 227 2544 meo
252 2501 341 2544 caros
365 2482 515 2545 donasset
536 2481 646 2545 funere
669 2482 787 2563 crines,

117 2563 258 2626 Molliter
281 2567 312 2627 et
334 2568 443 2628 tenera
464 2568 598 2648 poneret
619 2586 693 2629 ossa
713 2586 800 2629 rosa:

74 2646 134 2710 Illa
156 2668 262 2711 meum
286 2652 427 2713 extremo
451 2649 619 2712 clamasset
639 2650 768 2732 pulvere
790 2670 923 2733 nomen,

117 2730 162 2794 Vt
182 2731 262 2794 mihi
284 2753 351 2796 non
372 2733 438 2796 ullo
460 2733 600 2815 pondere
622 2735 705 2796 terra
726 2732 819 2796 foret.

75 2815 120 2877 At
141 2836 212 2896 voe,
237 2837 412 2898 aequoreae
432 2817 574 2880 formosa
596 2815 715 2880 Doride
737 2821 848 2900 natae,

118 2896 262 2961 Candida
282 2901 368 2963 felici
390 2901 503 2964 solvite
525 2901 595 2964 vela
617 2899 728 2964 choro:

76 2979 111 3045 Si
133 2981 258 3062 quando
281 2987 401 3048 vestras
424 2984 534 3047 labens
556 2985 657 3047 Amor
679 2984 788 3068 attigit
810 2984 925 3068 undas,

118 3063 293 3128 Mansuetis
316 3068 402 3130 socio
425 3068 546 3150 parcite
568 3067 724 3132 litoribus.

491 3254 621 3327 XVIII.

76 3366 164 3431 Haec
186 3370 270 3431 certe
293 3368 416 3432 deserta
437 3368 509 3432 loca
531 3372 563 3432 et
583 3369 743 3432 taciturna
765 3369 924 3450 querenti,

118 3451 162 3515 Et
182 3473 316 3515 vacuum
338 3451 474 3536 Zephyri
497 3451 639 3536 possidet
660 3472 735 3514 aura
756 3472 881 3516 nemus:

127 3552 278 3595 Prorrrrrvs.
865 3556 882 3608 2
