2302 3922
282 712 443 817 SEX.
481 720 935 827 PROPERTII

454 887 763 965 annemuvu

393 1074 535 1134 LIBER
562 1074 816 1136 SECVNDVS.

591 1293 620 1368 L

192 1393 370 1492 Quaeritis,
386 1406 470 1470 unde
484 1405 564 1469 mihi
579 1409 695 1471 totiens
711 1408 891 1472 scribantur
904 1430 1036 1492 amoma,

233 1489 327 1555 Vnde
348 1511 437 1553 meus
459 1489 566 1551 veniat
586 1490 691 1551 mollis
713 1492 747 1552 in
769 1512 825 1554 ora
846 1492 935 1556 liber.

192 1572 268 1640 Non
282 1572 361 1635 haec
378 1570 530 1654 Calliope,
547 1592 614 1634 non
628 1570 706 1635 haec
719 1573 799 1636 mihi
814 1577 923 1638 cantat
937 1577 1066 1659 Apollo,

233 1655 404 1741 Ingenium
425 1654 518 1717 nobis
540 1655 610 1736 ipsa
631 1655 736 1736 puella
756 1655 843 1720 facit.

164 1739 269 1805 eSive
290 1740 377 1822 lyrae
400 1758 528 1802 carmen
549 1737 659 1822 digitis
680 1740 836 1820 percussit
858 1740 1001 1823 eburnis,
1073 1757 1088 1803 o

234 1823 389 1887 Miramur
425 1822 536 1886 faciles
557 1825 594 1886 ut
614 1824 738 1905 premat
759 1825 826 1885 arte
847 1845 975 1888 manus:
1057 1839 1089 1887 10

193 1906 256 1972 Seu
278 1906 344 1970 vidi
366 1872 407 1970 ad
428 1907 569 1970 frontem
591 1926 718 1990 sparsos
741 1927 843 1970 errare
867 1908 1013 1991 capilloS,
1073 1921 1088 1968 7

235 1991 360 2055 Gaudet
381 1990 516 2054 laudetis
538 1990 585 2053 ire
607 1989 742 2073 superba
763 1991 877 2055 comis:
1073 2003 1090 2054 8

193 2074 267 2140 Sive
288 2075 377 2139 illam
400 2074 475 2141 Cois
496 2075 675 2158 fulgentem
696 2073 841 2138 incedere
864 2075 981 2159 coccis,
1073 2089 1090 2137 5

146 2174 177 2221 10
234 2159 306 2224 Hoc
327 2163 431 2223 totum
453 2180 471 2223 e
492 2156 561 2224 Ooa
581 2162 669 2222 veste
690 2158 840 2222 volumen
862 2160 935 2223 erit:
1075 2175 1091 2222 e

194 2244 257 2310 Seu
279 2266 351 2310 cum
371 2245 540 2327 poscentes
563 2264 710 2306 somnum
732 2242 871 2306 declinat
892 2244 1027 2327 ocellos,

236 2327 369 2393 Invenio
394 2348 503 2391 causas
525 2327 613 2390 mille
633 2329 729 2410 poeta
749 2348 864 2391 novas:

195 2412 258 2478 Seu
278 2412 363 2475 nuda
385 2415 494 2494 erepto
516 2431 640 2473 mecum
662 2410 800 2473 luctatur
822 2411 954 2493 amictu,

236 2494 318 2559 Itrm
339 2515 413 2558 vero
435 2495 549 2578 longas
571 2493 735 2556 condimus
756 2491 888 2558 Iliadas:

148 2594 180 2642 15
197 2579 260 2648 Seu
281 2578 432 2661 quioquid
453 2577 531 2641 fecit
553 2577 651 2638 sivest
672 2574 891 2659 quodcumque
913 2579 1034 2661 locuta,

236 2661 378 2725 Maxima
399 2661 438 2724 de
459 2659 561 2724 nihilo
582 2658 723 2722 nascitur
744 2658 887 2723 historia.

195 2744 287 2822 Quod
308 2743 389 2807 mihi
411 2744 598 2826 sitantum,
620 2741 803 2824 Maecenas,
825 2742 894 2807 fata
915 2744 1091 2830 dedissent,

236 2828 283 2894 Vt
303 2849 432 2912 possem
452 2827 566 2891 heroas
589 2825 701 2889 ducere
722 2826 757 2889 in
779 2847 867 2889 arma
887 2849 1015 2911 manus,

196 2913 272 2990 Non
294 2931 354 2997 ego
377 2911 507 2976 Titanas
530 2930 690 2991 canerem,
712 2930 779 2972 non
800 2909 905 2974 Ossan
928 2910 1065 2996 Olympo

145 3012 181 3063 20
236 2995 429 3080 Inpositam,
452 2998 489 3059 ut
510 2994 587 3058 caeli
607 2992 721 3057 Pelion
743 2998 827 3057 esset
847 2994 923 3077 iter,

196 3081 272 3148 Non
286 3083 408 3144 veteres
423 3078 558 3161 Thebas,
573 3098 632 3140 nec
646 3076 803 3161 Pergama
816 3099 935 3143 nomen
948 3078 1092 3164 Homeri,

237 3164 352 3229 Xerxis
375 3167 407 3227 et
428 3164 472 3226 im
495 3162 560 3226 erio
583 3160 659 3224 bina
681 3161 781 3225 coisse
802 3162 897 3246 vada,

196 3250 243 3314 Re
290 3269 347 3313 ave
361 3185 568 3332 primallemi
582 3248 637 3308 aut
650 3245 773 3309 animos
786 3244 903 3311 Cartha
928 3247 935 3261 '
960 3247 1092 3332 isaltae,

267 3332 502 3415 imbrorumque
524 3330 627 3393 minas
650 3333 682 3392 et
702 3329 869 3394 benefacta
889 3269 987 3396 lIauir:

148 3430 182 3480 25
196 3417 348 3500 Bellaque
369 3437 419 3481 res
441 3437 481 3480 ue
502 3415 550 3478 tui
571 3434 778 3477 memorarem
801 3413 960 3496 Caesaris,
983 3419 1015 3479 et
1035 3417 1073 3480 tu

240 3498 376 3567 Caesare
398 3523 435 3565 su
478 3519 596 3584 magno
618 3519 694 3563 cura
715 3498 853 3564 secunda
873 3498 966 3563 fores.

225 3780 312 3882 Ἰ
