2302 3922
507 219 699 276 1110111111
963 218 1082 291 [xxm.

439 410 560 482 1111111
587 409 759 502 [vnvm.

183 533 228 598 111
248 554 305 596 vos
326 533 494 615 incertam,
516 532 681 615 mortales,
703 532 824 595 funeris
845 531 958 595 horam

226 617 398 696 Quaeritis,
421 620 454 680 11
475 637 537 698 qua
559 616 601 678 sit
622 637 707 679 mors
729 615 852 679 aditura
873 615 939 696 via,

184 700 341 775 Quaeritis
363 703 396 764 et
417 700 520 781 caelo,
542 699 737 763 Phoenicum
759 700 902 780 inventa,
926 719 1053 782 sereno,

227 783 316 864 Quae
331 784 374 847 sit
388 784 482 848 stella
500 783 623 846 homini
638 783 803 847 commoda
817 803 958 865 quaeque
976 782 1080 866 mala,

156 879 172 928 1
188 865 250 931 Seu
264 867 397 950 pedibus
408 866 543 931 Parthos
559 866 697 949 sequitur
708 887 763 930 seu
775 867 876 930 classe
888 865 1081 951 Britannos,

226 950 270 1014 Et
289 953 385 1015 maris
408 953 441 1014 et
460 952 562 1014 terrae
584 970 676 1013 caeca
696 950 816 1033 pericla
836 950 920 1034 viae,

183 1033 305 1099 Rursus
327 1039 360 1099 et
380 1034 539 1098 obiectum
559 1033 642 1096 fietis
664 1036 761 1116 caput
782 1055 850 1097 esse
872 1033 1024 1114 tumultu,

227 1118 307 1183 Cum
329 1119 457 1182 Mavors
480 1117 590 1182 dubias
612 1118 725 1181 miscet
745 1118 903 1200 utrimque
924 1138 1054 1201 manus,

183 1200 352 1266 Praeterea
374 1202 520 1267 domibus
541 1202 703 1265 flammam
724 1201 901 1283 metensque
922 1200 1049 1284 ruinas,

136 1297 169 1346 10
224 1286 297 1352 Neu
318 1287 453 1351 subeant
474 1285 571 1349 labris
592 1286 707 1369 pocula
727 1285 821 1381 nigra
841 1285 915 1348 tuis.

185 1369 278 1434 Solus
300 1392 409 1434 amans
431 1370 522 1434 novit
560 1369 686 1453 quando
707 1372 865 1451 penturus
887 1370 919 1431 11
940 1389 960 1430 1
982 1389 1044 1451 qua

226 1453 339 1535 Morte,
351 1419 1078 1536 111111101101111111111111101111111111111.

183 1535 252 1599 Iam
273 1535 349 1599 licet
371 1541 404 1599 et
417 1536 530 1619 Stygia
551 1534 660 1598 sedeat
681 1536 739 1599 sub
761 1535 915 1601 arundine
935 1556 1059 1619 remex,

226 1618 345 1683 Cernat
366 1623 398 1682 et
418 1619 562 1682 infernae
583 1618 688 1681 tristia
709 1619 781 1682 vela
801 1619 892 1683 ratis:

136 1712 168 1762 15
183 1700 217 1765 Si
239 1702 334 1765 modo
356 1702 540 1766 damnatum
560 1703 756 1766 revocaverit
777 1725 854 1766 aura
875 1703 1015 1787 puellae,

226 1785 421 1850 Concessum
442 1785 531 1849 nulla
551 1786 622 1869 lege
643 1785 761 1850 redibit
781 1787 850 1850 iter.

524 1934 675 1942 --—-—.--n

418 2017 558 2089 11111111
585 2017 777 2110 [11111111.

183 2136 340 2221 Iuppiter,
363 2138 505 2204 adfectae
526 2140 657 2204 tandem
677 2141 827 2204 miserere
847 2140 986 2223 puellae:

225 2220 304 2285 Tam
325 2221 468 2286 formosa
488 2227 578 2288 tuum
599 2228 725 2289 mortua
747 2224 865 2288 crimen
887 2224 956 2287 erit.

182 2302 281 2368 Venit
302 2306 387 2369 enim
408 2309 549 2390 tempus,
572 2329 634 2391 quo
656 2308 795 2372 torridus
817 2310 940 2372 aestuat
960 2327 1029 2388 aer,

196 2398 199 2403 '
225 2387 344 2472 Incipit
365 2393 397 2453 et
418 2390 502 2455 sicco
524 2391 645 2456 fervere
666 2394 751 2456 terra
773 2391 868 2456 Cane.

155 2484 171 2532 t
186 2470 248 2534 Sed
269 2493 335 2536 non
357 2476 424 2536 tam
439 2474 561 2538 ardoris
576 2476 700 2559 culpast
712 2497 814 2558 neque
835 2474 967 2538 crimina
982 2474 1076 2557 caeli,

226 2554 327 2630 Quam
348 2557 467 2622 totiens
489 2561 617 2623 sanctos
638 2580 703 2623 non
725 2559 874 2623 habuisse
896 2558 981 2622 deos.
1063 2630 1072 2645 ·

182 2636 254 2702 Hoc
274 2639 380 2722 perdit
400 2641 547 2726 miseras,
570 2641 632 2706 hoc
653 2643 792 2726 perdidit
813 2645 886 2706 ante
907 2641 1044 2725 puellas:

100 2787 103 2794 Δ
225 2720 385 2804 Quidquid
406 2725 565 2806 iurarunt,
588 2730 701 2789 ventus
723 2729 755 2788 11
774 2727 860 2788 unda
881 2726 974 2806 rapit.

182 2802 268 2866 Num
292 2805 352 2867 sibi
374 2805 523 2871 collatam
545 2808 647 2871 doluit
659 2807 768 2872 Venus
790 2809 859 2890 ipsa
881 2808 1075 2890 paremque?

135 2897 167 2947 10
223 2885 285 2948 Ρ11
306 2908 340 2950 11
360 2888 509 2953 formosis
531 2891 688 2955 invidiosa
710 2890 806 2952 deast.

182 2970 236 3033 An
259 2972 439 3053 contempta
460 2973 520 3037 tibi
541 2974 673 3039 Iunonis
695 2973 813 3056 templa
835 2973 926 3038 Pelas
951 2974 1008 3038 ae?

224 3053 362 3117 Palladis
385 3058 439 3118 aut
461 3058 569 3121 oculos
592 3079 667 3121 ausa
688 3077 805 3142 negare
827 2995 950 3122 11011011

183 3137 328 3222 Semper,
350 3139 525 3223 formosae,
548 3160 614 3203 non
635 3142 737 3205 nostis
758 3164 887 3224 parcere
908 3143 1022 3206 verbis.

223 3220 295 3285 Hoc
316 3223 376 3287 tibi
397 3223 509 3308 lingua
527 3245 664 3308 nocens,
692 3224 753 3290 hoc
774 3227 834 3290 tibi
856 3226 958 3290 forma
979 3225 1073 3291 dedit

135 3317 166 3365 15
183 3304 244 3370 Sed
266 3307 327 3370 tibi
347 3310 478 3372 vexatae
499 3330 557 3392 per
578 3310 678 3373 multa
699 3311 840 3394 pericula
861 3311 944 3375 vitae

224 3388 375 3455 Extremo
397 3392 504 3456 veniet
523 3394 650 3457 mollior
672 3394 750 3458 hora
772 3395 831 3460 die.

181 3471 218 3535 Io
238 3493 329 3538 versa
350 3480 446 3562 caput
465 3477 586 3563 primos
608 3479 786 3565 mugiverat
807 3500 923 3545 annos:
