2302 3922
91 211 156 265 Vlli

89 394 129 448 ite
140 392 335 463 interpolatus,
352 389 504 444 utomnino
522 385 590 442 nihil
608 386 646 443 ad
662 387 839 445 emendanda
857 389 955 446 Catulli
974 392 1097 448 earmina

90 477 225 544 conferat,
237 475 291 528 nisi
302 473 378 545 quod
389 471 527 527 interdum
537 471 645 540 Datani,
658 488 777 543 quocum
788 472 889 528 eodem
902 475 960 529 lere
972 481 1096 547 tempore

94 561 214 632 scriptus
225 563 282 627 est,
293 558 426 613 lectiones
444 554 597 611 confirmat.

175 643 232 697 Vix
244 641 345 714 dignus
356 645 399 696 est
409 641 456 711 qui
466 640 622 694 nominetur
634 639 865 712 Guelferbytanus
876 644 911 700 65
923 642 1030 711 nonius
1041 644 1097 715 pri-

89 742 165 782 mum
186 727 283 782 lolium
294 725 451 796 suppletum
464 729 507 779 est
511 721 683 793 ,Catullum
696 724 833 779 Tibullum
845 726 1020 796 Propertium
1032 744 1097 782 eon-

88 811 197 889 linens,
207 809 355 864 teterrimis
371 809 629 880 interpolationibus
643 807 818 879 inquinatus,
833 809 881 863 vix
892 815 921 864 ut
933 809 987 865 diei
999 812 1098 882 possit,

88 896 143 951 utri
155 893 253 967 generi
267 893 302 947 sit
315 891 528 950 adscribendus

173 978 208 1032 lli
221 976 335 1033 codices
347 976 448 1048 integri
461 977 552 1032 collati
566 982 643 1044 sunt3
662 977 733 1031 alios
745 992 780 1030 ex
795 977 895 1048 quibus
912 975 958 1034 hio
975 979 1031 1033 illio
1049 979 1097 1033 ali-

90 1060 158 1134 quid
175 1061 327 1116 delibatum
344 1066 386 1116 est
403 1061 504 1132 quique
521 1059 550 1114 in
568 1061 708 1132 catalogis
726 1060 958 1117 bibliothecarum
977 1078 1097 1117 comme·

88 1150 241 1216 morantur,
252 1145 450 1216 praetermitto.
494 1141 618 1199 Stemma
641 1145 774 1199 librorum
797 1146 922 1211 illorum,
942 1145 976 1200 de
998 1147 1097 1218 quibus

89 1227 174 1284 modo
186 1228 408 1300 disputavimus,
420 1225 475 1283 hoo
487 1234 530 1282 est
542 1229 713 1300 interpolatis
734 1231 868 1286 asterisco
881 1231 993 1285 notatis.

667 1599 693 1630 :soz
545 1391 704 1525 ΙΙτιοωοι
686 1324 688 1329 -

757 1835 760 1840 ¹
721 1651 748 1786 1472

551 2220 670 2229 ——-

686 1635 712 1717 ἑ

553 1721 704 1815 ,Ξ

548 1818 705 1926 '‘n-r„

550 1911 587 1932 ‘⁴
677 1934 703 1971 m

673 2017 711 2118 'fn

676 2185 703 2229 Ω

721 2248 747 2277 1
720 2138 747 2243 463

546 2920 692 2996 Ι*
548 2721 712 2874 (3111*
546 2530 712 2677 GL*

721 2904 749 3035 1465

547 3063 637 3217 μμ

681 3261 707 3396 1423
640 3171 706 3211 (ἐκ
641 3068 705 3108 {a
677 2967 703 3022 M

547 3498 585 3510 Ι

591 3485 617 3530 G
618 3232 622 3240 -

634 3430 663 3557 13⁷5
631 3278 668 3386 P1*
