2302 3922
92 181 135 242 24
314 139 317 145 ’
387 167 577 269 cassani
600 174 730 236 casn.
752 187 795 239 a.

175 345 260 408 Villa
281 344 451 422 malamque
469 349 598 423 pectore
618 341 721 423 expuli
741 345 865 421 tussim,

139 485 140 488 ,
175 431 244 488 Non
265 430 432 489 inmerenti
452 448 542 506 quam
563 428 639 488 mihi
660 427 745 487 meus
766 434 891 504 venter,

176 514 253 573 Dum
273 520 464 593 sumptuosas
484 518 614 592 appetu,
637 509 740 589 dedit,
762 529 864 571 cenas.
954 555 955 559 ,

128 609 159 662 10
179 597 270 674 Nam,
294 597 452 656 Sestianus
473 592 636 655 dumvclc
656 613 725 655 esse
747 596 887 672 conviva,

177 679 356 741 Orationem
377 681 410 739 in
432 680 557 741 Antium
578 680 746 759 petitorem
775 722 782 740 -,
842 727 843 730 ,

176 765 302 825 Plenam
320 765 431 824 veneni
454 770 487 823 et
506 764 704 844 pestilentiae
722 761 797 840 legi.
899 784 901 789 ·

177 850 237 910 Η10
259 867 308 908 me
330 847 455 927 gravido
476 846 590 927 frigida
611 853 643 914 et
665 847 814 926 frequens
835 847 945 905 tussis,

177 934 336 1010 Quassavit
357 950 453 1012 usque
476 931 548 993 dum
569 933 601 990 in
622 937 706 991 tuum
727 931 825 990 sinum
846 929 911 1007 iugi

125 1030 158 1080 1⁵
178 1017 221 1076 Et
240 1035 289 1077 me
310 1018 449 1079 recuravi
471 1017 596 1095 otioque
618 1021 651 1074 et
670 1015 778 1074 urtica.

177 1102 279 1178 Quare
299 1101 438 1178 refectus
457 1101 600 1160 maximas
621 1100 679 1160 tibi
700 1104 803 1177 grates

177 1187 261 1264 Ago,
283 1205 384 1245 meum
403 1182 485 1262 quod
505 1202 568 1244 nou
589 1202 623 1243 es
643 1181 708 1243 ulta
729 1189 898 1263 peccatum.
975 1201 979 1208 ‘

135 1267 138 1276 '
176 1270 241 1329 Nec
263 1267 416 1349 deprecor
436 1269 509 1345 iam,
532 1269 558 1327 si
576 1266 695 1327 neiaria
716 1266 831 1345 scripta

178 1353 262 1412 Sesti
283 1370 430 1431 recepso,
453 1352 526 1428 quiri
546 1349 742 1428 gravedinem
764 1355 796 1409 ct
816 1348 923 1408 tussim

126 1447 159 1498 20
180 1432 256 1496 Non¹
270 1437 361 1513 mihi,
383 1433 439 1494 sed
459 1435 520 1513 ipsi
542 1435 643 1494 Sestio
665 1434 748 1492 ierat
763 1433 877 1510 frigus,

180 1521 238 1594 Qui
259 1524 333 1578 tunc
352 1524 441 1602 vocat
460 1536 525 1594 me,
547 1536 613 1577 cum
633 1511 745 1576 malum
765 1515 878 1588 librum
898 1511 991 1592 legi.¹
1066 1514 1070 1522 '

220 1811 341 1903 Acmen
364 1842 539 1923 Septumius
561 1862 631 1903 suos
655 1862 774 1903 amores

222 1930 349 1988 'Tenens
370 1928 402 1987 in
423 1929 540 2004 gremio
563 1931 665 1987 ‘mea’
685 1928 789 2006 'inquit
811 1928 938 2005 ε110000,

136 2058 139 2063 .
220 2013 259 2072 Ni
281 2017 313 2071 te
334 2010 459 2094 perdite
481 2031 548 2071 amo
571 2016 662 2090 atque
684 2030 785 2071 amare
806 2031 899 2091 porro

216 2093 335 2156 'Omnes
358 2114 423 2154 sum
443 2095 565 2155 assidue
587 2102 711 2175 paratus
733 2114 828 2155 annos

185 2193 201 2245 5
224 2181 376 2258 Quantum
399 2180 451 2259 qui
470 2185 545 2260 pote
566 2177 731 2259 plurimum
751 2181 874 2258 perire,

213 2262 313 2325 ‘Solus
334 2265 367 2323 in
385 2264 484 2343 Libya
504 2262 650 2344 Indiaque
671 2259 773 2325 tosta

222 2349 333 2411 Caesio
354 2349 472 2408 veniam
494 2349 599 2407 obvius
618 2346 725 2408 leani?
812 2356 814 2361 '
849 2423 851 2428 Α
907 2354 909 2358 ’

221 2433 290 2493 Ηο0
311 2436 345 2490 ut
366 2430 458 2509 dixit,
479 2432 576 2491 Amor
594 2432 735 2508 sinistra,
752 2436 789 2488 ut.
807 2436 894 2507 ante,

222 2517 368 2576 Dextram
387 2515 521 2575 sternuit
539 2515 800 2594 approbationem.

170 2611 204 2662 10
225 2601 268 2675 At
287 2599 383 2658 Acme
402 2596 515 2657 leviter
535 2604 626 2677 caput
646 2599 813 2657 reflectens

222 2683 265 2743 Et
287 2678 386 2741 dulcis
405 2682 496 2761 pueri
519 2682 622 2741 ebrios
642 2679 758 2742 ocellos

48 2761 51 2772 '
170 2797 172 2801 ⁴
222 2764 280 2826 1110
303 2783 458 2844 purpureo
482 2782 537 2823 cre
559 2765 671 2824 saviata

224 2849 322 2927 ‘Sic,'
344 2849 445 2926 inquit
467 2845 855 2927 ε0000011080010001110,

222 2933 303 2992 Huic
323 2933 376 2991 uni
399 2931 637 3009 demissusque
659 2933 841 3009 serviamus,

171 3028 204 3079 15
225 3017 269 3078 Ut
288 3015 385 3077 multo
407 3016 483 3075 mihi
502 3016 599 3076 maior
621 3017 782 3093 acriorque

111 3125 114 3138 ·
223 3101 304 3178 Ignis
326 3096 469 3160 mullibus
489 3097 580 3158 ardet
598 3100 630 3158 in
648 3097 815 3159 medullis?

210 3184 292 3245 .H0c
311 3191 349 3244 ut
370 3182 463 3260 dixit,
487 3184 582 3243 Amor
604 3183 743 3260 sinistra,
763 3189 798 3241 ut
818 3189 905 3261 ante,

224 3268 369 3329 Dextram
388 3267 522 3328 sternuit
540 3268 800 3347 approbationem.

225 3352 312 3411 Nunc
333 3353 371 3413 ab
392 3351 526 3430 auspicio
549 3352 629 3410 bono
650 3350 784 3430 profecti

171 3446 205 3497 20
225 3436 342 3496 Mutuis
360 3437 467 3495 animis
488 3440 588 3495 amant
609 3441 755 3496 amantur.

391 3706 493 3797 n
