2302 3922
1023 123 1075 180 vll

68 286 159 369 genus
171 292 313 366 pertinent
328 297 356 347 et
365 293 536 364 peculiarem
554 293 633 363 quasi
648 292 732 350 huius
743 293 864 350 familiae
875 295 991 369 stirpem
1006 314 1073 356 con·

67 379 169 453 stituit,
188 379 269 433 cuius
280 377 381 448 reliqui
392 378 488 449 agnati
498 382 545 432 aut
556 377 718 433 lnterieront
727 383 774 434 aut
782 378 905 435 nondum
915 382 1073 441 resuscitati

66 469 141 520 sunt.
163 462 274 517 Etenim
285 461 347 516 libri
361 467 469 532 septem
480 476 598 532 quorum
610 477 695 532 supra
707 463 823 518 lecimus
839 464 1023 534 mentionem,
1035 483 1073 523 cx

64 563 121 602 uno
134 545 253 612 codice,
265 561 348 615 quem
367 546 449 600 litera
464 545 491 601 Α
508 546 748 618 consIgnabimus,
765 547 829 602 licet
846 548 933 605 variis
950 550 1006 605 viis
1025 549 1072 605 de·

64 631 143 687 ducti
155 636 221 685 sunt
230 645 239 695 ;
249 627 419 684 Dresdensis
430 644 515 695 vero,
528 645 695 701 quamquam
707 629 744 686 ad
755 630 830 686 idem
843 647 933 703 genus
943 634 1073 706 pertinet,

17 704 19 708 ’
64 732 100 770 ex
111 715 169 770 alio
181 714 252 769 libro
264 707 317 787 (B)
333 711 492 781 deseendit,
504 715 551 784 qui
563 713 602 768 illi
613 714 648 783 A,
659 729 695 767 ex
705 730 760 784 quo
779 714 826 770 alii
845 721 953 787 septem
969 734 1072 790 propa·

63 799 121 870 gali
135 803 217 867 sunt,
229 797 266 852 ita
278 803 415 868 cognatus
426 802 483 865 est,
495 803 525 850 ut
536 797 606 851 Inter
619 813 650 851 se
664 797 786 852 fraterno
802 800 882 869 quasi
899 800 989 871 gradu
1006 816 1072 856 eon·
1116 802 1127 809 “

63 883 151 937 iuncti
164 882 253 949 fuisse
266 880 428 938 videantur:
446 879 521 952 quod
532 880 579 952 qui
590 878 760 936 Dresdensis
775 881 837 938 libri
854 884 990 941 lectiones
1008 900 1071 940 cum

63 965 182 1037 reliquis
192 954 410 1036 comparaverit,
421 965 513 1020 statim
521 967 523 970 ⁴
531 965 672 1037 intelliget
711 964 805 1034 ltaque
817 965 891 1031 litut
903 983 990 1040 saepe
1002 969 1072 1023 inter

62 1048 256 1106 Dresdensem
268 1054 296 1103 et
305 1048 442 1104 Datanum
456 1047 549 1118 ailqua
560 1047 710 1104 similitudo
722 1048 884 1118 intercedat,
900 1067 990 1123 neque
1001 1069 1071 1108 vero

63 1133 130 1188 inde
143 1130 368 1188 concludendum
379 1136 432 1201 est,
439 1130 627 1187 Dresdensem
638 1132 675 1187 ad
687 1132 828 1204 posterius
839 1133 971 1190 librorum
981 1152 1071 1208 genus

62 1215 246 1272 referendum
257 1231 331 1271 esse.
352 1215 488 1286 Idemque
501 1215 536 1270 de
548 1215 609 1292 Gn,
623 1214 782 1271 dicendum.
803 1216 896 1286 Quare
908 1219 954 1275 ubi
964 1218 1002 1274 Dr
1013 1219 1070 1274 etl)

61 1301 232 1367 concinunt,
244 1315 356 1372 semper
370 1301 428 1355 lere
446 1300 667 1371 antiquissimam
685 1301 832 1356 lectionem
850 1308 998 1358 servarunt
1014 1308 1069 1359 est-

61 1400 117 1455 que
133 1385 163 1438 in
175 1399 209 1439 eo
223 1399 363 1439 consensu
375 1385 496 1440 maxIma
507 1385 656 1439 auctoritas
669 1391 696 1438 et
705 1383 787 1440 fides.

133 1563 136 1567 ⁴
167 1536 201 1590 11.
229 1534 275 1591 Ad
288 1536 426 1606 posterius
434 1549 522 1605 penus
535 1535 676 1590 relerendi
689 1545 753 1593 sunt
762 1537 792 1593 hi
804 1539 879 1594 libri:

148 1630 320 1687 DATANUS
338 1632 399 1701 (b),
413 1633 478 1687 olim
490 1631 581 1688 Caroli
592 1633 668 1702 Dati,
680 1640 737 1689 tum
749 1635 857 1691 Nicolai
868 1635 986 1707 Heiusii,
994 1650 1068 1690 nunc

60 1719 134 1771 inter
146 1717 243 1786 copias
256 1715 441 1772 Sentenianas
458 1717 487 1770 in
497 1715 663 1773 bibliotheca
680 1720 759 1791 regia
774 1719 959 1776 BeroIInensI.
991 1718 1070 1774 llunc

60 1801 163 1856 librum
175 1799 203 1852 in
213 1800 345 1870 primario
357 1800 419 1854 loco
431 1799 625 1856 Lachmannus
636 1803 784 1858 collocavit
795 1820 914 1875 eumque
925 1808 1010 1858 totum
1022 1819 1069 1858 ex·

60 1883 163 1939 hibuit.
182 1880 308 1954 Scriptus
320 1889 363 1938 est
376 1889 449 1938 anno
461 1888 539 1954 1463,
550 1902 652 1940 novem
664 1887 744 1942 annis
757 1895 820 1945 ante
832 1887 983 1943 editionem
993 1888 1069 1958 prin-

61 1969 156 2038 cipem
172 1967 354 2041 impressam,
377 1966 428 2022 sed
451 1967 480 2020 in
497 1967 552 2024 hoc
574 1970 789 2027 Catullianorum
809 1972 941 2027 librorum
964 1986 1068 2042 genero

61 2051 272 2121 antiquissimus
284 2067 375 2122 neque
387 2053 645 2122 interpolationibus
657 2054 795 2110 loedatus.
832 2053 901 2110 Inde
918 2054 957 2119 lit,
965 2060 994 2110 ut
1005 2054 1069 2108 licet

59 2136 163 2205 plenus
175 2135 211 2189 sit
222 2137 442 2205 corruptelarum
453 2134 650 2204 scribendique
661 2152 802 2205 errorum,
819 2143 912 2193 tamen
923 2137 1016 2192 multis
1029 2137 1068 2191 lo-

51 2219 103 2274 cis
114 2233 186 2274 vera
197 2220 279 2274 lectio
293 2235 329 2272 ex
339 2234 373 2272 eo
386 2226 507 2275 eruatur.

147 2301 191 2356 Ex
203 2301 304 2357 eodem
316 2303 391 2357 fonte
404 2311 460 2359 tres
471 2303 534 2359 libri
546 2303 704 2374 iuterpolali
715 2301 869 2358 fluxerunt:

147 2385 419 2446 PARISINUS'1990
435 2382 496 2461 (P,)
517 2389 748 2443 membranaceus
769 2389 860 2442 forma
882 2385 958 2455 VIII,
977 2385 1068 2442 Tibul·

60 2471 129 2557 lum,
143 2467 288 2537 Catullum,
301 2472 473 2542 Propertium
485 2473 640 2527 continens

147 2552 335 2610 PUTIIANUS
347 2550 426 2629 (Pu),
440 2556 511 2610 inter
523 2557 617 2628 regios
627 2520 801 2611 Parisienses
812 2559 891 2623 8232,
903 2553 1067 2609 chartaceus

60 2638 153 2691 forma
163 2635 255 2704 VIII,'
248 2653 277 2692 ιιι
289 2654 343 2708 quo
358 2641 460 2710 scripta
474 2647 537 2695 sunt
545 2646 655 2711 praeter
663 2639 760 2696 Catulli
769 2641 893 2695 carmIna
904 2637 1067 2692 etiamPria-

58 2719 126 2792 peIa
138 2726 165 2773 et
172 2719 242 2775 Galli
254 2722 371 2794 elegiae,
379 2726 478 2794 quibus
488 2724 613 2779 secunda
625 2730 652 2778 et
664 2724 742 2779 tertIa
753 2739 852 2778 manus
865 2723 920 2778 alia
929 2719 1068 2793 quaedam

59 2803 188 2860 carmIna
205 2804 315 2860 adiecit.
349 2807 384 2861 Hi
397 2808 460 2863 libri
474 2808 507 2876 P,
519 2813 546 2861 et
556 2810 596 2863 Pu
613 2811 713 2862 recens
726 2807 823 2878 scripti
834 2808 905 2861 inter
922 2822 952 2861 se
965 2811 994 2858 et
1003 2821 1067 2860 cum

58 2885 231 2942 EDITIONE
253 2889 416 2946 PRINCIPE
434 2906 505 2961 quae
524 2890 628 2963 prodiit
639 2907 711 2946 anno
723 2889 940 2948 mccccuxxu
952 2889 990 2944 ita
1000 2905 1067 2944 eon-

59 2970 196 3040 sentiunt,
203 2977 233 3026 ut
242 2975 317 3028 nulla
328 2973 460 3030 dubitatio
473 2990 538 3030 esse
546 2975 637 3046 possit
651 2975 717 3044 quin
728 2991 826 3030 omnes
836 2990 873 3028 ex
884 2973 983 3028 eodem
997 2974 1066 3029 libro

60 3054 197 3125 descripti
210 3059 264 3111 sint
268 3059 337 3128 ,qui
355 3058 435 3112 nobis
454 3058 542 3113 littera
557 3058 581 3112 E
600 3057 792 3154 designabitur
808 3059 963 3128 multasque
981 3055 1067 3112 conti·

60 3138 376 3217 nuitinterpolationes,
389 3157 461 3212 quae
479 3158 553 3196 nune
570 3143 698 3213 pariter
691 3158 720 3196 ιιι
734 3144 776 3212 P„
788 3143 829 3196 Pu
848 3146 875 3195 et
892 3140 945 3197 Ed
962 3141 1007 3196 Ρι
1027 3141 1066 3195 le·

59 3228 175 3294 guntur.

147 3304 244 3361 Restat
258 3305 440 3364 FIIRIANIIS
452 3304 512 3380 (F),
528 3325 601 3364 nunc
619 3308 784 3365 ParIsiensis
800 3305 1067 3374 autumaremus,

58 3391 186 3447 contiuet
199 3391 386 3463 Propertium,
411 3389 563 3464 Tibullum,
584 3393 722 3449 Catullum
740 3398 771 3449 et
784 3390 929 3464 Priapeia
956 3387 1077 3443 Isiloer
