2302 3922
49 212 52 217 ·
92 216 194 287 ruri]
497 214 605 269 mum
626 215 647 268 r.

92 374 178 441 Dum
200 376 261 439 tibi
283 376 422 458 deceptis
445 377 578 459 augetur
599 374 685 438 fama
705 374 834 458 puellis,
1038 388 1054 434 5

134 457 251 525 Certus
274 459 362 523 etin
383 458 472 522 nullo
495 458 619 541 quaeris
641 479 747 521 amore
769 478 906 539 moram,

93 542 241 607 Perditus
263 543 298 607 in
320 543 455 626 quadam
476 542 574 604 tardis
596 541 768 624 pallescere
791 542 874 604 curis

134 624 257 709 Incipis
280 629 313 689 et
333 626 436 709 primo
459 626 567 707 lapsus
590 624 675 687 abire
697 624 808 708 gradu.

91 708 181 774 Haeo
204 710 265 773 erit
286 709 414 772 illarum
437 709 612 790 contempti
633 729 737 791 poena
759 708 893 771 doloris:

134 793 310 857 Multarum
332 795 464 857 miseras
487 793 593 876 exiget
613 813 678 854 una
699 793 794 856 vices,
1022 806 1054 853 10

93 875 184 940 Haec
204 877 265 939 tibi
286 876 433 960 volgares
455 878 534 940 istos
557 879 727 958 conpescet
748 896 886 957 amores,

135 960 205 1025 Nec
226 981 309 1024 nova
330 960 509 1043 quaerendo
532 981 656 1041 semper
678 960 796 1022 amicus
819 960 889 1023 erio.

91 1043 181 1108 Haeo
204 1065 264 1128 ego
285 1065 351 1107 non
372 1064 498 1107 rumore
520 1043 619 1125 malo,
642 1064 709 1106 non
731 1065 849 1127 augure
872 1043 998 1127 doetus,

134 1126 211 1192 Vidi
234 1149 308 1211 ego:
331 1149 382 1191 me
404 1148 520 1209 quaeso
544 1130 624 1190 teste
646 1147 764 1209 negare
785 1128 899 1210 potes?

90 1210 169 1281 ¹Vidi
191 1232 207 1274 e
231 1232 250 1274 o
271 1214 303 1274 te
324 1214 393 1274 toto
416 1211 556 1273 vinctum
578 1210 783 1294 languescere
805 1211 886 1274 collo
1021 1223 1052 1272 15

136 1294 181 1358 Et
201 1233 277 1358 llere
299 1295 439 1376 iniectis,
464 1293 568 1376 Galle,
591 1294 645 1356 diu
666 1294 828 1375 mambae,

92 1376 138 1441 Et
159 1400 272 1461 cupere
296 1400 314 1440 o
337 1379 413 1441 tatis
436 1378 573 1441 animam
595 1377 752 1460 deponere
774 1378 884 1459 labris,

135 1461 180 1524 Et
201 1483 281 1544 quae
325 1461 417 1525 einde
438 1483 526 1524 meus
549 1461 647 1541 celat,
670 1461 784 1543 amice,
807 1462 917 1544 pudor.

93 1543 170 1609 Non
192 1567 252 1629 ego
276 1546 448 1629 conplexus
471 1545 560 1627 potui
583 1544 729 1608 diducere
750 1548 888 1608 vestros:

136 1628 256 1692 Tantus
279 1632 346 1692 erat
368 1629 496 1693 demens
519 1629 602 1691 inter
623 1632 774 1711 utrosque
795 1620 894 1691 fur'or.
1018 1644 1052 1693 20

97 1710 173 1775 Non
195 1713 240 1776 sio
261 1712 441 1776 Haemonio
464 1712 647 1776 Salmonida
669 1712 786 1776 mixtus
807 1712 931 1795 Enipeo

138 1794 310 1860 Taenarius
333 1797 420 1860 facili
464 1797 558 1859 ressit
579 1817 685 1860 amore
707 1796 798 1877 deus,

93 1876 162 1942 Nec
185 1880 231 1944 sio
253 1880 422 1944 caelestem
441 1818 580 1964 lagrans
603 1902 692 1943 amor
713 1879 860 1943 Herculis
881 1880 995 1944 Heben

136 1962 243 2027 Sensit
264 1963 303 2027 ab
327 1964 452 2028 Oetaeis
474 1963 591 2047 gaudia
611 1965 714 2047 prima
735 1964 832 2048 rogia.

93 2044 167 2110 Una
188 2047 254 2111 dies
277 2068 387 2111 omnes
408 2048 514 2131 potuit
534 2069 736 2131 praecurrere
758 2069 897 2112 amores:
1018 2062 1050 2111 25

135 2130 219 2194 Nam
241 2131 300 2194 tibi
321 2152 388 2195 non
408 2131 532 2214 tepidas
554 2131 695 2207 subdidit
715 2133 771 2195 illa
790 2132 876 2196 faces
882 2181 892 2213 ,

92 2212 161 2277 Nec
182 2215 242 2278 tibi
263 2215 450 2297 praeteritos
471 2219 598 2298 passast
619 2216 784 2281 succedere
806 2216 923 2298 fastus,

134 2297 203 2361 Nec
226 2300 309 2361 sinet
331 2299 458 2362 abduci:
480 2302 512 2362 te
534 2303 607 2363 tuus
630 2301 723 2363 ardor
744 2304 827 2385 aget.

93 2379 162 2444 Nec
184 2382 314 2464 mirum,
338 2403 410 2446 curn
432 2383 474 2446 sit
495 2382 571 2447 Iove
594 2384 708 2468 dignae
729 2385 874 2468 proxima
895 2383 998 2448 Ledae

135 2464 179 2527 Et
199 2466 302 2529 Ledae
324 2470 418 2549 partu
439 2468 575 2551 gratior,
598 2489 662 2531 una
684 2469 799 2550 tribus,
1016 2483 1049 2530 30

92 2547 153 2611 Illa
175 2550 218 2612 sit
239 2548 379 2614 Inachiis
401 2553 433 2613 et
454 2551 601 2614 blandior
621 2550 778 2634 hercinia,

136 2632 196 2695 Illa
218 2634 282 2696 suis
305 2633 409 2697 verbis
432 2638 527 2719 cogat
549 2657 652 2699 amare
674 2635 791 2700 Iovem.

92 2714 141 2778 Tu
162 2738 236 2781 vero
258 2718 409 2800 quoniam
431 2718 528 2782 semel
551 2740 583 2782 es
606 2720 763 2801 periturus
785 2742 907 2803 amore,

134 2798 245 2866 Utere:
268 2823 336 2865 non
358 2802 420 2866 alio
443 2803 552 2866 limine
575 2802 690 2887 dignus
713 2825 793 2868 eras.

92 2883 178 2957 Quae
199 2885 259 2947 tibi
281 2886 332 2966 sit,
354 2886 432 2949 felix
454 2886 604 2968 quoniam
626 2908 726 2950 novus
748 2888 861 2953 incidit
883 2911 983 2970 error;
1016 2902 1048 2950 35

133 2967 177 3029 Et
199 2971 410 3052 quotcumque
432 2970 534 3051 volae,
557 2992 620 3033 una
642 2972 685 3033 sit
704 2972 767 3035 ista
789 2973 855 3037 tibi.

510 3183 625 3256 XHH.

92 3301 139 3366 Tu
162 3304 237 3366 licet
258 3302 398 3366 abiectus
421 3302 571 3369 Tiberina
591 3306 731 3370 molliter
752 3307 837 3371 unda

132 3387 248 3450 Lesbia
269 3385 435 3450 Mentoreo
457 3389 532 3452 vina
552 3389 643 3453 bibas
664 3412 773 3473 opere,

93 3470 135 3534 Et
155 3471 250 3534 modo
272 3474 338 3534 tam
361 3471 477 3535 celeres
492 3472 615 3537 mireris
638 3495 763 3538 currere
785 3474 897 3539 lintres
