2302 3922
100 193 147 265 rr]
501 188 610 246 111111
629 191 652 249 r
1043 187 1064 251 3

143 352 276 437 Vincta,
299 373 401 437 neque
423 353 458 416 in
478 354 589 417 tenero
611 356 676 417 stat
695 353 756 419 tibi
778 354 872 419 corde
894 354 981 419 silex.

100 437 162 503 Illo
183 458 251 500 non
271 436 394 501 iuvenis
416 437 534 519 poterit
555 437 594 501 de
613 436 725 502 funere
747 438 915 521 quisquam
1030 450 1063 500 ot

143 521 295 603 Lumina,
316 541 383 584 non
404 521 452 583 vir
476 541 512 604 o,
535 521 619 584 sicca
640 521 757 585 referre
779 521 917 586 domum.

29 682 32 687 Ι
101 605 184 670 Tum
205 604 317 668 Manes
338 625 380 668 ne
401 542 490 667 laede
511 625 615 685 meos,
639 604 695 669 sed
715 626 809 687 parce
832 606 946 670 solutis

144 687 294 753 Crinibus
316 690 349 752 et
369 690 502 770 teneris,
525 686 632 769 Delia,
654 709 748 770 parce
769 691 870 773 genis.

101 772 242 854 Interea,
265 772 340 834 dum
361 772 431 834 fata
451 772 574 853 sinunt,
598 772 653 834 iun
678 793 767 835 amus
789 795 926 838 amores:

143 855 213 919 Iam
234 856 341 919 veniet
361 855 501 919 tenebris
523 854 611 918 Mors
674 858 785 938 operta
806 861 916 939 caput,
1030 870 1064 920 70

101 939 170 1003 Iam
192 939 343 1022 subrepet
364 940 448 1002 iners
471 941 571 1020 aetas,
593 960 653 1003 neo
674 961 779 1003 amare
801 940 942 1025 decebit,

144 1023 257 1087 Dicere
278 1044 338 1086 neo
361 1043 441 1086 cano
463 1022 634 1086 blanditias
657 1024 763 1106 capiti.

101 1106 196 1172 Nune
211 1106 289 1171 levis
305 1109 353 1169 est
367 1107 534 1169 tractanda
547 1106 666 1189 Venus,
683 1108 758 1171 dum
771 1108 918 1193 frangere
932 1112 1041 1193 postes

143 1190 220 1255 Non
240 1189 339 1273 pudet
360 1193 393 1253 et
413 1190 496 1253 rixas
520 1191 716 1255 conseruisse
738 1191 834 1256 iuvat.

102 1274 165 1339 Hic
180 1295 240 1358 ego
256 1274 320 1338 dux
333 1274 487 1357 milesque
502 1274 620 1338 bonus:
642 1297 711 1358 vos,
735 1276 829 1360 signa
843 1277 1009 1360 tubaeque,
1031 1288 1063 1338 11

144 1358 193 1421 Ite
216 1358 342 1439 procul,
365 1357 487 1441 cupidis
508 1359 638 1422 volnera
660 1360 741 1423 ferte
762 1361 854 1442 viris,

102 1440 197 1506 Ferte
219 1444 253 1503 et
274 1461 365 1523 opes:
389 1463 449 1526 ego
472 1443 638 1525 conposito
661 1464 788 1508 securus
811 1465 921 1509 acervo

145 1524 327 1607 Despiciam
349 1524 431 1590 dites
453 1526 686 1610 despiciamque
707 1528 835 1592 famem.

557 1742 603 1816 H.

103 1861 195 1925 Adde
217 1884 339 1927 merum
360 1864 497 1947 vinoque
518 1886 618 1928 novos
641 1886 795 1949 conpesce
817 1866 959 1948 dolores,

147 1945 290 2028 Occupet
310 1949 346 2009 ut
367 1948 445 2010 fessi
467 1947 587 2011 lumina
607 1948 691 2013 victa
712 1971 823 2031 sopor:

102 2027 175 2095 Neu
197 2030 364 2112 quisquam
385 2031 487 2094 multo
508 2031 671 2114 perfusum
691 2035 837 2114 tempora
857 2032 984 2097 Baccho

144 2112 288 2194 Excitet,
311 2113 424 2177 infelix
446 2113 521 2176 dum
541 2115 712 2196 requiescit
733 2137 831 2180 amor.

103 2196 186 2262 Nam
207 2196 345 2280 positast
365 2199 494 2260 nostrae
516 2198 658 2261 custodia
680 2218 773 2262 saeva
793 2200 935 2283 puellae,
1049 2211 1066 2263 5

145 2279 311 2345 Clauditur
333 2282 366 2343 ct
387 2279 466 2343 dura
487 2281 580 2344 ianua
601 2282 691 2344 firma
713 2303 792 2346 sera.

102 2362 203 2428 Ianua
224 2363 364 2427 difficilis
386 2363 549 2447 dominae,
571 2368 604 2429 te
624 2365 769 2430 verberet
789 2366 906 2451 imber,

144 2447 190 2511 Te
212 2445 297 2511 10111
320 2447 454 2529 imperio
476 2448 611 2513 fulmina
633 2450 730 2513 misse
750 2452 871 2534 petant.

102 2529 219 2613 Ianua,
241 2531 305 2594 iam
326 2536 436 2614 pateas
458 2533 514 2595 uni
535 2533 628 2615 milri,
650 2534 736 2597 victa
756 2534 919 2618 querellis,

144 2613 217 2678 Neu
239 2614 350 2678 furtim
372 2637 463 2679 verso
487 2617 614 2680 cardine
637 2620 747 2700 aperta
768 2639 872 2682 sones.
1034 2630 1067 2681 10

102 2697 147 2762 Et
168 2698 253 2760 mala
275 2699 366 2781 siqua
386 2699 446 2762 tibi
468 2699 548 2764 dixit
570 2702 728 2765 dementia
749 2705 874 2786 nostra,

144 2781 314 2865 ignoscas:
338 2783 436 2865 capiti
458 2784 523 2847 sint
544 2806 655 2867 precor
677 2785 733 2848 illa
753 2806 834 2851 mec.

102 2864 148 2929 Te
169 2866 351 2928 meminisse
374 2866 478 2949 decet,
501 2889 580 2950 quae
601 2869 738 2951 plurime
758 2890 836 2933 voce
856 2870 968 2956 peregi

145 2948 312 3032 Supplice,
337 2971 409 3013 cum
430 2951 515 3032 posti
536 2951 634 3016 florea
655 2955 740 3017 serta
761 2954 878 3018 darem.

102 3031 152 3096 Tu
174 3054 298 3116 quoque
319 3055 361 3097 nc
382 3034 493 3098 timide
515 3037 676 3119 custodes,
698 3036 791 3101 Delia
827 3037 873 3100 fal
888 3058 914 3101 e.
1033 3049 1065 3099 15

147 3117 385 3182 Audendumst:
408 3118 508 3182 fortes
530 3119 657 3184 adiuvat
677 3120 747 3203 ipsa
767 3086 887 3184 Venus.

103 3199 165 3263 Illa
185 3200 289 3282 favet,
311 3223 368 3266 seu
390 3203 444 3285 qui
465 3203 588 3267 iuvenis
609 3224 693 3268 novo
716 3204 828 3267 limina
848 3206 1000 3289 temptat,

145 3283 209 3349 Seu
229 3287 350 3349 reserat
371 3286 433 3349 fixo
456 3286 550 3350 dente
571 3287 679 3370 puella
699 3287 800 3351 fores:

102 3364 163 3431 1111
184 3368 277 3433 docet
297 3369 409 3433 furtim
430 3371 519 3434 molli
541 3370 689 3455 derepere
710 3371 810 3453 lecto,

145 3451 206 3516 Illa
226 3453 340 3536 pedem
361 3454 450 3517 nullo
472 3474 589 3537 ponere
610 3476 705 3539 posse
727 3475 822 3540 sono,
1033 3469 1068 3519 ro

879 3558 916 3608 l*
