2302 3922
93 215 135 281 16
499 218 642 274 ristun
979 216 1058 291 [vn

155 382 186 446 V
222 403 261 446 ue
283 381 379 446 maris
401 383 525 444 vastum
546 383 728 464 prospectet
748 379 887 443 turribus
909 377 1031 461 aequor

106 479 141 527 20
223 467 304 529 rima
325 469 426 529 ratem
447 465 551 528 ventis
574 465 700 528 credere
722 464 815 527 docta
836 463 954 546 Tyros,

157 549 266 624 Qualis
289 553 335 627 et,
357 552 481 612 arentes
504 570 576 612 cum
597 547 690 612 findit
711 546 811 611 Sirius
874 567 942 630 ros,

39 708 44 715 Ι
198 632 324 696 Fertilis
346 632 466 695 aestiva
485 631 579 696 Nilus
600 631 740 695 abundet
761 653 859 714 aqua.

155 715 229 780 Nile
250 720 355 800 pater,
378 737 514 799 quanam
536 716 657 798 possim
681 719 713 779 16
735 715 838 778 dicere
860 735 955 779 causa
1060 754 1069 769 ·.

199 802 265 863 Aut
287 800 400 882 quibus
422 801 457 863 in
477 801 570 863 tonis
593 800 768 864 occuluisse
791 798 909 882 caput?

104 896 140 946 25
156 883 200 947 Te
222 888 353 967 propter
373 884 479 947 nullos
500 884 593 947 tellus
616 886 671 946 tua
691 882 833 966 postulat
854 882 988 965 imbres,

198 968 297 1031 Arida
317 989 377 1031 nec
398 968 505 1050 pluvio
529 968 686 1049 supplicat
706 967 805 1030 herba
826 966 905 1033 Iovi.

157 1051 202 1115 Te
225 1052 310 1115 canit
331 1055 426 1133 atque
448 1073 539 1116 suum
560 1051 659 1135 pubes
681 1051 814 1115 miratam
836 1048 944 1113 Osirin

196 1135 352 1218 Barbara,
375 1134 573 1218 Memphiten
593 1135 744 1220 plangere
770 1134 864 1197 docta
884 1133 1009 1199 bovem.

157 1219 281 1283 Primus
303 1223 406 1282 aratra
426 1241 522 1282 manu
545 1219 666 1282 sollerti
687 1220 764 1283 fecit
786 1217 886 1282 Osiris

105 1315 140 1363 80
196 1302 241 1367 Et
260 1304 402 1366 teneram
423 1304 508 1367 ferro
531 1303 713 1366 sollicitavit
733 1302 880 1383 humum,

154 1386 279 1450 Primus
301 1387 482 1467 inexpertae
505 1387 653 1449 conmisit
674 1386 796 1449 semina
816 1388 920 1448 terrae

197 1469 358 1551 Pomaque
378 1489 446 1532 non
466 1471 553 1532 notis
575 1470 655 1553 legit
677 1469 716 1532 ab
739 1469 912 1533 arboribus.

155 1552 218 1616 Hic
240 1553 349 1616 docuit
369 1555 511 1615 teneram
533 1552 615 1635 palis
637 1552 808 1636 adiungere
829 1553 942 1634 vitem,

199 1635 261 1698 Hio
283 1636 415 1699 viridem
438 1636 516 1698 dura
538 1635 666 1700 caedere
688 1637 769 1700 falce
792 1657 931 1700 comam:

106 1732 140 1780 35
156 1718 209 1782 Illi
230 1719 383 1783 iucundos
405 1719 543 1802 primum
564 1723 687 1782 matura
709 1742 836 1802 sapores

197 1803 356 1885 Expressa
376 1804 504 1866 incultis
527 1825 588 1867 uva
609 1802 696 1866 dedit
716 1803 859 1887 pedibus.

155 1886 214 1950 Ille
236 1887 339 1969 liquor
362 1887 469 1951 docuit
489 1908 582 1953 voces
605 1887 765 1951 inflectere
788 1893 897 1970 cantu,

197 1969 300 2034 Movit
321 1975 353 2034 et
375 1971 414 2034 ad
437 1975 539 2035 certos
561 1973 668 2035 nescia
688 1973 831 2036 membra
852 1971 979 2054 modos,

155 2054 300 2119 Bacchus
324 2058 355 2118 et
376 2056 534 2138 agricolae
555 2077 672 2140 magno
695 2057 840 2121 confecta
860 2056 968 2120 labore

103 2150 140 2199 40
196 2138 331 2202 Pectora
351 2140 500 2203 tristitiae
523 2141 725 2205 dissoluenda
747 2141 841 2205 dedit.

155 2221 301 2287 Bacchus
324 2227 356 2287 et
378 2224 511 2288 adflictis
534 2227 673 2308 requiem
695 2226 882 2289 mortalibus
905 2224 1015 2305 affert,

199 2305 299 2371 Orura
320 2309 396 2371 licet
418 2309 496 2372 dura
518 2310 669 2392 compede
691 2310 784 2391 pulsa
806 2311 929 2372 sonent.

154 2390 231 2455 Non
252 2391 312 2454 tibi
335 2397 410 2454 sunt
430 2393 537 2455 tristes
560 2414 652 2456 curae
673 2413 732 2455 nec
753 2393 871 2472 lectus,
895 2390 994 2469 Osiri,

198 2473 259 2537 sed
282 2474 396 2538 chorus
419 2478 452 2538 61
474 2479 584 2539 cantus
607 2480 638 2539 61
659 2475 736 2538 levis
759 2476 852 2555 aptus
873 2491 976 2551 amor,

102 2570 138 2618 45
154 2555 216 2621 Sed
237 2558 317 2620 varii
338 2557 432 2621 flores
455 2562 487 2621 et
507 2559 597 2621 frons
619 2557 765 2622 redimita
786 2553 959 2637 corymbis,

197 2638 280 2703 Fusa
302 2641 357 2703 sed
375 2641 414 2704 ad
436 2644 563 2704 teneros
585 2642 671 2704 lutea
691 2640 777 2722 palla
798 2638 893 2721 pedes

153 2722 199 2786 Et
219 2722 333 2805 Tyriae
354 2727 457 2788 vestes
480 2727 511 2788 et
533 2724 632 2787 dulcis
653 2723 734 2786 tibia
755 2725 849 2786 cantu

195 2805 240 2869 Et
261 2807 339 2870 levis
362 2808 493 2880 occustis
517 2807 643 2870 conscia
665 2808 745 2870 cista
766 2806 873 2870 sacris.

153 2888 225 2953 Huc
247 2889 322 2953 ades
345 2894 377 2953 61
399 2889 535 2953 Genium
556 2890 631 2954 ludo
654 2888 851 2973 Geniumque
875 2890 998 2955 ohoreis

72 2978 75 2984 ⁴
104 2985 139 3035 50
196 2972 391 3038 Concelebra
413 2978 445 3036 61
466 2973 566 3037 multo
588 2977 731 3057 tempora
752 2975 850 3038 funde
871 2997 975 3040 mero:

154 3056 245 3121 Illius
268 3061 300 3121 et
320 3058 423 3120 nitido
446 3057 568 3120 stillent
588 3062 751 3142 unguenta
774 3060 902 3142 capillo,

194 3140 240 3204 Et
261 3142 364 3225 capite
386 3146 418 3204 61
440 3141 522 3205 66116
543 3141 654 3205 mollia
675 3146 759 3205 se1ta
779 3148 880 3226 gerat.

154 3223 208 3289 Sic
229 3226 338 3289 venias
360 3225 527 3289 hodierne:
549 3225 609 3288 tibi
632 3225 703 3289 dem
724 3228 804 3290 turis
825 3227 977 3311 honores,

19 3382 21 3387 Ι
195 3308 277 3372 Liba
299 3312 332 3373 61
352 3309 521 3393 Mopsopio
545 3309 650 3373 dulcia
670 3311 762 3374 melle
783 3311 892 3376 feram.

104 3402 138 3452 to
152 3391 198 3455 At
219 3392 278 3456 tibi
300 3398 478 3457 succrescat
499 3393 618 3476 proles,
641 3415 721 3477 quae
742 3395 826 3458 facta
847 3395 989 3479 parentis

196 3477 324 3562 Augeat
346 3480 379 3541 et
400 3478 484 3542 circa
506 3480 582 3561 stet,
605 3478 797 3563 venerande,
821 3499 939 3545 senem.

371 3742 523 3894 ‘a
