<?xml version="1.0" encoding="UTF-8"?>
<!DOCTYPE html PUBLIC "-//W3C//DTD XHTML 1.0 Transitional//EN"
    "http://www.w3.org/TR/xhtml1/DTD/xhtml1-transitional.dtd">
<html xmlns="http://www.w3.org/1999/xhtml" xml:lang="en" lang="en">
 <head>
  <title>
</title>
<meta http-equiv="Content-Type" content="text/html;charset=utf-8" />
  <meta name='ocr-system' content='tesseract 3.04.00' />
  <meta name='ocr-capabilities' content='ocr_page ocr_carea ocr_par ocr_line ocrx_word'/>
</head>
<body>
  <div class='ocr_page' id='page_1' title='image "./qvaleriicatulli00catugoog_0282.png"; bbox 0 0 2302 3922; ppageno 0'>
   <div class='ocr_carea' id='block_1_1' title="bbox 92 189 1055 278">
    <p class='ocr_par' dir='ltr' id='par_1_1' title="bbox 92 189 1055 278">
     <span class='ocr_line' id='line_1_1' title="bbox 92 189 1055 278; baseline -0.002 -24"><span class='ocrx_word' id='word_1_1' title='bbox 92 199 180 270; x_wconf 84' lang='lat' dir='ltr'>vm]</span> <span class='ocrx_word' id='word_1_2' title='bbox 404 274 407 278; x_wconf 10' lang='grc' dir='ltr'><em>ι</em></span> <span class='ocrx_word' id='word_1_3' title='bbox 478 195 641 251; x_wconf 82' lang='grc'><strong>111111.</strong></span> <span class='ocrx_word' id='word_1_4' title='bbox 997 189 1055 252; x_wconf 91' lang='grc'>111</span> 
     </span>
    </p>
   </div>
   <div class='ocr_carea' id='block_1_2' title="bbox 91 356 1055 3549">
    <p class='ocr_par' dir='ltr' id='par_1_2' title="bbox 91 356 1055 3549">
     <span class='ocr_line' id='line_1_2' title="bbox 93 356 961 443; baseline -0.006 -18"><span class='ocrx_word' id='word_1_5' title='bbox 93 359 207 425; x_wconf 91' lang='lat' dir='ltr'>Nanus</span> <span class='ocrx_word' id='word_1_6' title='bbox 229 361 262 423; x_wconf 91' lang='lat' dir='ltr'>et</span> <span class='ocrx_word' id='word_1_7' title='bbox 282 358 351 443; x_wconf 91' lang='lat' dir='ltr'>ipsc</span> <span class='ocrx_word' id='word_1_8' title='bbox 374 378 448 424; x_wconf 88' lang='lat' dir='ltr'>suos</span> <span class='ocrx_word' id='word_1_9' title='bbox 471 358 608 422; x_wconf 77' lang='lat' dir='ltr'>breviter</span> <span class='ocrx_word' id='word_1_10' title='bbox 629 359 795 422; x_wconf 85' lang='lat' dir='ltr'>concretus</span> <span class='ocrx_word' id='word_1_11' title='bbox 817 356 852 419; x_wconf 92' lang='lat' dir='ltr'>in</span> <span class='ocrx_word' id='word_1_12' title='bbox 874 358 961 420; x_wconf 88' lang='lat' dir='ltr'>artus</span> 
     </span>
     <span class='ocr_line' id='line_1_3' title="bbox 137 440 839 508; baseline -0.004 -1"><span class='ocrx_word' id='word_1_13' title='bbox 137 443 280 508; x_wconf 89' lang='lat' dir='ltr'>lactabat</span> <span class='ocrx_word' id='word_1_14' title='bbox 301 446 429 507; x_wconf 87' lang='lat' dir='ltr'>truncas</span> <span class='ocrx_word' id='word_1_15' title='bbox 453 442 493 506; x_wconf 90' lang='lat' dir='ltr'>ad</span> <span class='ocrx_word' id='word_1_16' title='bbox 515 463 592 506; x_wconf 88' lang='lat' dir='ltr'>cava</span> <span class='ocrx_word' id='word_1_17' title='bbox 612 440 696 505; x_wconf 89' lang='lat' dir='ltr'>buxa</span> <span class='ocrx_word' id='word_1_18' title='bbox 717 461 839 504; x_wconf 87' lang='lat' dir='ltr'>manus.</span> 
     </span>
     <span class='ocr_line' id='line_1_4' title="bbox 95 523 999 610; baseline -0.007 -17"><span class='ocrx_word' id='word_1_19' title='bbox 95 526 158 593; x_wconf 84' lang='lat' dir='ltr'>Sed</span> <span class='ocrx_word' id='word_1_20' title='bbox 179 548 282 610; x_wconf 90' lang='lat' dir='ltr'>neque</span> <span class='ocrx_word' id='word_1_21' title='bbox 304 526 458 610; x_wconf 73' lang='lat' dir='ltr'>suppletis</span> <span class='ocrx_word' id='word_1_22' title='bbox 481 525 649 590; x_wconf 76' lang='lat' dir='ltr'>constabat</span> <span class='ocrx_word' id='word_1_23' title='bbox 668 525 797 589; x_wconf 86' lang='lat' dir='ltr'>flamma</span> <span class='ocrx_word' id='word_1_24' title='bbox 818 523 955 589; x_wconf 89' lang='lat' dir='ltr'>lucernis</span> <span class='ocrx_word' id='word_1_25' title='bbox 960 572 970 607; x_wconf 95' lang='lat'>,</span> <span class='ocrx_word' id='word_1_26' title='bbox 997 552 999 556; x_wconf 55' lang='grc'>’</span> 
     </span>
     <span class='ocr_line' id='line_1_5' title="bbox 136 609 889 694; baseline -0.003 -19"><span class='ocrx_word' id='word_1_27' title='bbox 136 611 281 676; x_wconf 77' lang='lat' dir='ltr'>Reccidit</span> <span class='ocrx_word' id='word_1_28' title='bbox 302 611 398 694; x_wconf 89' lang='lat' dir='ltr'>inque</span> <span class='ocrx_word' id='word_1_29' title='bbox 421 631 495 674; x_wconf 86' lang='lat' dir='ltr'>suos</span> <span class='ocrx_word' id='word_1_30' title='bbox 517 630 628 673; x_wconf 90' lang='lat' dir='ltr'>mensa</span> <span class='ocrx_word' id='word_1_31' title='bbox 649 610 763 693; x_wconf 90' lang='lat' dir='ltr'>supina</span> <span class='ocrx_word' id='word_1_32' title='bbox 783 609 889 692; x_wconf 86' lang='lat' dir='ltr'>pedes.</span> 
     </span>
     <span class='ocr_line' id='line_1_6' title="bbox 94 692 1055 779; baseline -0.006 -20"><span class='ocrx_word' id='word_1_33' title='bbox 94 695 148 759; x_wconf 87' lang='lat' dir='ltr'>Me</span> <span class='ocrx_word' id='word_1_34' title='bbox 170 715 295 779; x_wconf 90' lang='lat' dir='ltr'>quoque</span> <span class='ocrx_word' id='word_1_35' title='bbox 309 715 366 778; x_wconf 91' lang='lat' dir='ltr'>per</span> <span class='ocrx_word' id='word_1_36' title='bbox 386 694 469 758; x_wconf 89' lang='lat' dir='ltr'>talos</span> <span class='ocrx_word' id='word_1_37' title='bbox 483 694 643 759; x_wconf 85' lang='lat' dir='ltr'>Venerem</span> <span class='ocrx_word' id='word_1_38' title='bbox 665 695 833 777; x_wconf 84' lang='lat' dir='ltr'>quaerente</span> <span class='ocrx_word' id='word_1_39' title='bbox 849 692 1003 758; x_wconf 87' lang='lat' dir='ltr'>secundos</span> <span class='ocrx_word' id='word_1_40' title='bbox 1022 704 1055 754; x_wconf 83' lang='lat'>45</span> 
     </span>
     <span class='ocr_line' id='line_1_7' title="bbox 137 777 758 863; baseline -0.002 -20"><span class='ocrx_word' id='word_1_41' title='bbox 137 777 269 863; x_wconf 83' lang='lat' dir='ltr'>Semper</span> <span class='ocrx_word' id='word_1_42' title='bbox 290 778 435 842; x_wconf 79' lang='lat' dir='ltr'>damnosi</span> <span class='ocrx_word' id='word_1_43' title='bbox 458 777 632 842; x_wconf 82' lang='lat' dir='ltr'>subsiluere</span> <span class='ocrx_word' id='word_1_44' title='bbox 655 799 758 842; x_wconf 87' lang='lat' dir='ltr'>canes.</span> 
     </span>
     <span class='ocr_line' id='line_1_8' title="bbox 95 861 877 946; baseline -0.003 -18"><span class='ocrx_word' id='word_1_45' title='bbox 95 861 278 928; x_wconf 75' lang='lat' dir='ltr'>Cantabant</span> <span class='ocrx_word' id='word_1_46' title='bbox 299 862 409 946; x_wconf 87' lang='lat' dir='ltr'>surdo,</span> <span class='ocrx_word' id='word_1_47' title='bbox 430 861 596 927; x_wconf 89' lang='lat' dir='ltr'>nudabant</span> <span class='ocrx_word' id='word_1_48' title='bbox 617 865 747 946; x_wconf 90' lang='lat' dir='ltr'>pectora</span> <span class='ocrx_word' id='word_1_49' title='bbox 768 882 877 927; x_wconf 86' lang='lat' dir='ltr'>caeco:</span> 
     </span>
     <span class='ocr_line' id='line_1_9' title="bbox 135 945 871 1031; baseline -0.001 -20"><span class='ocrx_word' id='word_1_50' title='bbox 135 945 271 1011; x_wconf 82' lang='lat' dir='ltr'>Lanuvii</span> <span class='ocrx_word' id='word_1_51' title='bbox 292 946 332 1010; x_wconf 91' lang='lat' dir='ltr'>ad</span> <span class='ocrx_word' id='word_1_52' title='bbox 353 949 472 1029; x_wconf 87' lang='lat' dir='ltr'>portas,</span> <span class='ocrx_word' id='word_1_53' title='bbox 494 946 524 1011; x_wconf 90' lang='lat' dir='ltr'>ei</span> <span class='ocrx_word' id='word_1_54' title='bbox 545 945 639 1029; x_wconf 91' lang='lat' dir='ltr'>mihi,</span> <span class='ocrx_word' id='word_1_55' title='bbox 662 946 748 1010; x_wconf 90' lang='lat' dir='ltr'>solus</span> <span class='ocrx_word' id='word_1_56' title='bbox 770 967 871 1031; x_wconf 82' lang='lat' dir='ltr'>eram3</span> 
     </span>
     <span class='ocr_line' id='line_1_10' title="bbox 95 1029 903 1113; baseline -0.001 -18"><span class='ocrx_word' id='word_1_57' title='bbox 95 1029 176 1096; x_wconf 77' lang='lat' dir='ltr'>Cum</span> <span class='ocrx_word' id='word_1_58' title='bbox 198 1030 304 1094; x_wconf 87' lang='lat' dir='ltr'>subito</span> <span class='ocrx_word' id='word_1_59' title='bbox 325 1030 413 1094; x_wconf 87' lang='lat' dir='ltr'>rauci</span> <span class='ocrx_word' id='word_1_60' title='bbox 435 1033 607 1095; x_wconf 88' lang='lat' dir='ltr'>sonuerunt</span> <span class='ocrx_word' id='word_1_61' title='bbox 629 1030 758 1094; x_wconf 87' lang='lat' dir='ltr'>cardine</span> <span class='ocrx_word' id='word_1_62' title='bbox 779 1032 903 1113; x_wconf 88' lang='lat' dir='ltr'>postes,</span> 
     </span>
     <span class='ocr_line' id='line_1_11' title="bbox 136 1113 1055 1197; baseline -0.003 -18"><span class='ocrx_word' id='word_1_63' title='bbox 136 1114 180 1179; x_wconf 82' lang='lat' dir='ltr'>Et</span> <span class='ocrx_word' id='word_1_64' title='bbox 201 1114 284 1180; x_wconf 86' lang='lat' dir='ltr'>levia</span> <span class='ocrx_word' id='word_1_65' title='bbox 306 1114 345 1178; x_wconf 87' lang='lat' dir='ltr'>ad</span> <span class='ocrx_word' id='word_1_66' title='bbox 366 1115 486 1197; x_wconf 89' lang='lat' dir='ltr'>primos</span> <span class='ocrx_word' id='word_1_67' title='bbox 508 1136 669 1178; x_wconf 90' lang='lat' dir='ltr'>murmura</span> <span class='ocrx_word' id='word_1_68' title='bbox 689 1114 775 1179; x_wconf 85' lang='lat' dir='ltr'>facta</span> <span class='ocrx_word' id='word_1_69' title='bbox 795 1113 901 1178; x_wconf 85' lang='lat' dir='ltr'>Lares.</span> <span class='ocrx_word' id='word_1_70' title='bbox 1021 1126 1055 1176; x_wconf 78' lang='lat'>50</span> 
     </span>
     <span class='ocr_line' id='line_1_12' title="bbox 94 1197 969 1282; baseline 0 -19"><span class='ocrx_word' id='word_1_71' title='bbox 94 1197 162 1263; x_wconf 88' lang='lat' dir='ltr'>Nec</span> <span class='ocrx_word' id='word_1_72' title='bbox 184 1219 284 1282; x_wconf 92' lang='lat' dir='ltr'>mora,</span> <span class='ocrx_word' id='word_1_73' title='bbox 308 1219 380 1263; x_wconf 93' lang='lat' dir='ltr'>cum</span> <span class='ocrx_word' id='word_1_74' title='bbox 401 1201 487 1262; x_wconf 88' lang='lat' dir='ltr'>totas</span> <span class='ocrx_word' id='word_1_75' title='bbox 508 1199 672 1282; x_wconf 88' lang='lat' dir='ltr'>resupinat</span> <span class='ocrx_word' id='word_1_76' title='bbox 693 1197 832 1282; x_wconf 78' lang='lat' dir='ltr'>Cynthia</span> <span class='ocrx_word' id='word_1_77' title='bbox 852 1198 969 1281; x_wconf 85' lang='lat' dir='ltr'>valvas,</span> 
     </span>
     <span class='ocr_line' id='line_1_13' title="bbox 136 1282 921 1366; baseline 0 -19"><span class='ocrx_word' id='word_1_78' title='bbox 136 1282 212 1349; x_wconf 91' lang='lat' dir='ltr'>Non</span> <span class='ocrx_word' id='word_1_79' title='bbox 234 1302 367 1366; x_wconf 90' lang='lat' dir='ltr'>operosa</span> <span class='ocrx_word' id='word_1_80' title='bbox 389 1283 502 1365; x_wconf 90' lang='lat' dir='ltr'>comis,</span> <span class='ocrx_word' id='word_1_81' title='bbox 526 1282 581 1346; x_wconf 87' lang='lat' dir='ltr'>sed</span> <span class='ocrx_word' id='word_1_82' title='bbox 603 1282 773 1346; x_wconf 82' lang='lat' dir='ltr'>furibunda</span> <span class='ocrx_word' id='word_1_83' title='bbox 795 1282 921 1349; x_wconf 90' lang='lat' dir='ltr'>decens.</span> 
     </span>
     <span class='ocr_line' id='line_1_14' title="bbox 93 1365 872 1451; baseline -0.001 -20"><span class='ocrx_word' id='word_1_84' title='bbox 93 1365 213 1431; x_wconf 90' lang='lat' dir='ltr'>Pocula</span> <span class='ocrx_word' id='word_1_85' title='bbox 234 1367 278 1430; x_wconf 90' lang='lat' dir='ltr'>mi</span> <span class='ocrx_word' id='word_1_86' title='bbox 300 1367 419 1451; x_wconf 88' lang='lat' dir='ltr'>digitos</span> <span class='ocrx_word' id='word_1_87' title='bbox 441 1367 526 1430; x_wconf 89' lang='lat' dir='ltr'>inter</span> <span class='ocrx_word' id='word_1_88' title='bbox 548 1366 689 1431; x_wconf 77' lang='lat' dir='ltr'>cecidere</span> <span class='ocrx_word' id='word_1_89' title='bbox 710 1366 872 1449; x_wconf 90' lang='lat' dir='ltr'>remissos,</span> 
     </span>
     <span class='ocr_line' id='line_1_15' title="bbox 135 1449 830 1534; baseline 0.001 -21"><span class='ocrx_word' id='word_1_90' title='bbox 135 1449 382 1534; x_wconf 90' lang='lat' dir='ltr'>Pallueruntque</span> <span class='ocrx_word' id='word_1_91' title='bbox 404 1450 474 1534; x_wconf 90' lang='lat' dir='ltr'>ipso</span> <span class='ocrx_word' id='word_1_92' title='bbox 496 1450 587 1514; x_wconf 88' lang='lat' dir='ltr'>labra</span> <span class='ocrx_word' id='word_1_93' title='bbox 608 1451 713 1515; x_wconf 91' lang='lat' dir='ltr'>soluta</span> <span class='ocrx_word' id='word_1_94' title='bbox 733 1471 830 1515; x_wconf 91' lang='lat' dir='ltr'>mero.</span> 
     </span>
     <span class='ocr_line' id='line_1_16' title="bbox 93 1532 1053 1618; baseline -0.002 -20"><span class='ocrx_word' id='word_1_95' title='bbox 93 1532 256 1599; x_wconf 79' lang='lat' dir='ltr'>Fulminat</span> <span class='ocrx_word' id='word_1_96' title='bbox 277 1535 333 1599; x_wconf 88' lang='lat' dir='ltr'>illa</span> <span class='ocrx_word' id='word_1_97' title='bbox 355 1535 455 1599; x_wconf 90' lang='lat' dir='ltr'>oculis</span> <span class='ocrx_word' id='word_1_98' title='bbox 477 1537 509 1598; x_wconf 91' lang='lat' dir='ltr'>et</span> <span class='ocrx_word' id='word_1_99' title='bbox 530 1538 684 1618; x_wconf 87' lang='lat' dir='ltr'>quantum</span> <span class='ocrx_word' id='word_1_100' title='bbox 705 1534 824 1600; x_wconf 89' lang='lat' dir='ltr'>femina</span> <span class='ocrx_word' id='word_1_101' title='bbox 845 1535 953 1618; x_wconf 88' lang='lat' dir='ltr'>saevit,</span> <span class='ocrx_word' id='word_1_102' title='bbox 1021 1546 1053 1596; x_wconf 80' lang='lat'>55</span> 
     </span>
     <span class='ocr_line' id='line_1_17' title="bbox 137 1617 888 1702; baseline 0 -19"><span class='ocrx_word' id='word_1_103' title='bbox 137 1617 338 1702; x_wconf 81' lang='lat' dir='ltr'>Spectaclum</span> <span class='ocrx_word' id='word_1_104' title='bbox 360 1621 453 1702; x_wconf 87' lang='lat' dir='ltr'>capta</span> <span class='ocrx_word' id='word_1_105' title='bbox 474 1640 534 1684; x_wconf 92' lang='lat' dir='ltr'>nec</span> <span class='ocrx_word' id='word_1_106' title='bbox 554 1619 660 1683; x_wconf 91' lang='lat' dir='ltr'>minus</span> <span class='ocrx_word' id='word_1_107' title='bbox 681 1619 759 1684; x_wconf 87' lang='lat' dir='ltr'>urbe</span> <span class='ocrx_word' id='word_1_108' title='bbox 780 1619 852 1683; x_wconf 87' lang='lat' dir='ltr'>fuit.</span> <span class='ocrx_word' id='word_1_109' title='bbox 882 1656 888 1669; x_wconf 67' lang='lat'>=</span> 
     </span>
     <span class='ocr_line' id='line_1_18' title="bbox 93 1701 881 1788; baseline 0.003 -22"><span class='ocrx_word' id='word_1_110' title='bbox 93 1701 259 1784; x_wconf 83' lang='lat' dir='ltr'>Phyllidos</span> <span class='ocrx_word' id='word_1_111' title='bbox 281 1703 381 1768; x_wconf 90' lang='lat' dir='ltr'>iratos</span> <span class='ocrx_word' id='word_1_112' title='bbox 402 1704 437 1767; x_wconf 90' lang='lat' dir='ltr'>in</span> <span class='ocrx_word' id='word_1_113' title='bbox 458 1703 581 1768; x_wconf 86' lang='lat' dir='ltr'>voltum</span> <span class='ocrx_word' id='word_1_114' title='bbox 603 1703 722 1768; x_wconf 91' lang='lat' dir='ltr'>conicit</span> <span class='ocrx_word' id='word_1_115' title='bbox 742 1724 881 1788; x_wconf 80' lang='lat' dir='ltr'>ungues:</span> 
     </span>
     <span class='ocr_line' id='line_1_19' title="bbox 135 1785 767 1871; baseline 0.003 -21"><span class='ocrx_word' id='word_1_116' title='bbox 135 1786 260 1851; x_wconf 78' lang='lat' dir='ltr'>Territa</span> <span class='ocrx_word' id='word_1_117' title='bbox 280 1788 401 1851; x_wconf 86' lang='lat' dir='ltr'>vicinas</span> <span class='ocrx_word' id='word_1_118' title='bbox 423 1785 502 1851; x_wconf 85' lang='lat' dir='ltr'>Teia</span> <span class='ocrx_word' id='word_1_119' title='bbox 523 1788 639 1852; x_wconf 90' lang='lat' dir='ltr'>clamat</span> <span class='ocrx_word' id='word_1_120' title='bbox 659 1809 767 1871; x_wconf 88' lang='lat' dir='ltr'>aquas.</span> 
     </span>
     <span class='ocr_line' id='line_1_20' title="bbox 95 1868 799 1953; baseline 0.001 -19"><span class='ocrx_word' id='word_1_121' title='bbox 95 1868 232 1935; x_wconf 87' lang='lat' dir='ltr'>Lumina</span> <span class='ocrx_word' id='word_1_122' title='bbox 253 1871 374 1953; x_wconf 89' lang='lat' dir='ltr'>sopitos</span> <span class='ocrx_word' id='word_1_123' title='bbox 395 1871 527 1934; x_wconf 87' lang='lat' dir='ltr'>turbant</span> <span class='ocrx_word' id='word_1_124' title='bbox 548 1872 631 1935; x_wconf 90' lang='lat' dir='ltr'>elata</span> <span class='ocrx_word' id='word_1_125' title='bbox 651 1870 799 1953; x_wconf 78' lang='lat' dir='ltr'>Quirites,</span> 
     </span>
     <span class='ocr_line' id='line_1_21' title="bbox 136 1953 1053 2018; baseline -0.003 0"><span class='ocrx_word' id='word_1_126' title='bbox 136 1953 248 2018; x_wconf 90' lang='lat' dir='ltr'>Omnis</span> <span class='ocrx_word' id='word_1_127' title='bbox 271 1957 303 2016; x_wconf 87' lang='lat' dir='ltr'>et</span> <span class='ocrx_word' id='word_1_128' title='bbox 322 1953 436 2016; x_wconf 87' lang='lat' dir='ltr'>insana</span> <span class='ocrx_word' id='word_1_129' title='bbox 458 1954 570 2016; x_wconf 89' lang='lat' dir='ltr'>semita</span> <span class='ocrx_word' id='word_1_130' title='bbox 591 1956 686 2017; x_wconf 90' lang='lat' dir='ltr'>nocte</span> <span class='ocrx_word' id='word_1_131' title='bbox 709 1957 810 2018; x_wconf 89' lang='lat' dir='ltr'>sonat.</span> <span class='ocrx_word' id='word_1_132' title='bbox 1018 1966 1053 2015; x_wconf 84' lang='lat' dir='ltr'>oo</span> 
     </span>
     <span class='ocr_line' id='line_1_22' title="bbox 94 2036 846 2121; baseline -0.001 -20"><span class='ocrx_word' id='word_1_133' title='bbox 94 2037 171 2102; x_wconf 87' lang='lat' dir='ltr'>Illas</span> <span class='ocrx_word' id='word_1_134' title='bbox 195 2036 388 2121; x_wconf 86' lang='lat' dir='ltr'>direptisque</span> <span class='ocrx_word' id='word_1_135' title='bbox 410 2037 510 2102; x_wconf 88' lang='lat' dir='ltr'>comis</span> <span class='ocrx_word' id='word_1_136' title='bbox 531 2037 711 2120; x_wconf 86' lang='lat' dir='ltr'>tunicisque</span> <span class='ocrx_word' id='word_1_137' title='bbox 733 2037 846 2101; x_wconf 90' lang='lat' dir='ltr'>solutis</span> 
     </span>
     <span class='ocr_line' id='line_1_23' title="bbox 134 2120 815 2204; baseline 0 -19"><span class='ocrx_word' id='word_1_138' title='bbox 134 2120 264 2204; x_wconf 85' lang='lat' dir='ltr'>Excipit</span> <span class='ocrx_word' id='word_1_139' title='bbox 286 2120 437 2185; x_wconf 89' lang='lat' dir='ltr'>obscurae</span> <span class='ocrx_word' id='word_1_140' title='bbox 459 2121 563 2204; x_wconf 92' lang='lat' dir='ltr'>prima</span> <span class='ocrx_word' id='word_1_141' title='bbox 583 2121 716 2185; x_wconf 82' lang='lat' dir='ltr'>taberna</span> <span class='ocrx_word' id='word_1_142' title='bbox 737 2121 815 2186; x_wconf 87' lang='lat' dir='ltr'>viae.</span> 
     </span>
     <span class='ocr_line' id='line_1_24' title="bbox 94 2204 921 2288; baseline -0.002 -17"><span class='ocrx_word' id='word_1_143' title='bbox 94 2204 233 2288; x_wconf 83' lang='lat' dir='ltr'>Cynthia</span> <span class='ocrx_word' id='word_1_144' title='bbox 254 2204 372 2288; x_wconf 82' lang='lat' dir='ltr'>gaudet</span> <span class='ocrx_word' id='word_1_145' title='bbox 392 2205 427 2268; x_wconf 90' lang='lat' dir='ltr'>in</span> <span class='ocrx_word' id='word_1_146' title='bbox 449 2205 569 2269; x_wconf 85' lang='lat' dir='ltr'>exuviis</span> <span class='ocrx_word' id='word_1_147' title='bbox 590 2205 766 2288; x_wconf 84' lang='lat' dir='ltr'>victrixque</span> <span class='ocrx_word' id='word_1_148' title='bbox 787 2205 921 2270; x_wconf 86' lang='lat' dir='ltr'>recurrit</span> 
     </span>
     <span class='ocr_line' id='line_1_25' title="bbox 134 2289 778 2372; baseline 0.002 -20"><span class='ocrx_word' id='word_1_149' title='bbox 134 2289 178 2353; x_wconf 82' lang='lat' dir='ltr'>Et</span> <span class='ocrx_word' id='word_1_150' title='bbox 198 2309 270 2352; x_wconf 87' lang='grc'><strong>11111</strong></span> <span class='ocrx_word' id='word_1_151' title='bbox 290 2309 440 2372; x_wconf 86' lang='lat' dir='ltr'>perversa</span> <span class='ocrx_word' id='word_1_152' title='bbox 461 2289 582 2353; x_wconf 87' lang='lat' dir='ltr'>sauciat</span> <span class='ocrx_word' id='word_1_153' title='bbox 604 2310 660 2353; x_wconf 92' lang='lat' dir='ltr'>ora</span> <span class='ocrx_word' id='word_1_154' title='bbox 680 2311 778 2354; x_wconf 87' lang='lat' dir='ltr'>manu</span> 
     </span>
     <span class='ocr_line' id='line_1_26' title="bbox 93 2372 1052 2519; baseline 0 -84"><span class='ocrx_word' id='word_1_155' title='bbox 93 2372 284 2519; x_wconf 56' lang='lat' dir='ltr'>Inponitque</span> <span class='ocrx_word' id='word_1_156' title='bbox 306 2374 416 2436; x_wconf 90' lang='lat' dir='ltr'>notam</span> <span class='ocrx_word' id='word_1_157' title='bbox 438 2373 521 2438; x_wconf 94' lang='lat' dir='ltr'>collo</span> <span class='ocrx_word' id='word_1_158' title='bbox 543 2394 713 2458; x_wconf 89' lang='lat' dir='ltr'>morsuque</span> <span class='ocrx_word' id='word_1_159' title='bbox 735 2376 889 2457; x_wconf 85' lang='lat' dir='ltr'>cruentat,</span> <span class='ocrx_word' id='word_1_160' title='bbox 1020 2386 1052 2436; x_wconf 82' lang='lat'>65</span> 
     </span>
     <span class='ocr_line' id='line_1_27' title="bbox 160 2457 865 2540; baseline 0.006 -22"><span class='ocrx_word' id='word_1_161' title='bbox 160 2477 368 2539; x_wconf 85' lang='lat' dir='ltr'>raecrpueque</span> <span class='ocrx_word' id='word_1_162' title='bbox 390 2457 508 2540; x_wconf 89' lang='lat' dir='ltr'>oculos,</span> <span class='ocrx_word' id='word_1_163' title='bbox 532 2457 587 2540; x_wconf 91' lang='lat' dir='ltr'>qui</span> <span class='ocrx_word' id='word_1_164' title='bbox 607 2479 748 2522; x_wconf 90' lang='lat' dir='ltr'>meruere</span> <span class='ocrx_word' id='word_1_165' title='bbox 781 2457 865 2522; x_wconf 86' lang='lat' dir='ltr'>ferit.</span> 
     </span>
     <span class='ocr_line' id='line_1_28' title="bbox 91 2506 941 2626; baseline 0.001 -21"><span class='ocrx_word' id='word_1_166' title='bbox 91 2540 197 2622; x_wconf 85' lang='lat' dir='ltr'>Atque</span> <span class='ocrx_word' id='word_1_167' title='bbox 218 2540 273 2603; x_wconf 93' lang='lat' dir='ltr'>ubi</span> <span class='ocrx_word' id='word_1_168' title='bbox 294 2540 359 2603; x_wconf 91' lang='lat' dir='ltr'>iam</span> <span class='ocrx_word' id='word_1_169' title='bbox 380 2540 498 2604; x_wconf 90' lang='lat' dir='ltr'>nostris</span> <span class='ocrx_word' id='word_1_170' title='bbox 520 2540 650 2605; x_wconf 86' lang='lat' dir='ltr'>lassavit</span> <span class='ocrx_word' id='word_1_171' title='bbox 670 2506 800 2606; x_wconf 82' lang='lat' dir='ltr'>bracbia</span> <span class='ocrx_word' id='word_1_172' title='bbox 822 2542 941 2626; x_wconf 75' lang='lat' dir='ltr'>plagis,</span> 
     </span>
     <span class='ocr_line' id='line_1_29' title="bbox 133 2622 893 2708; baseline 0.004 -22"><span class='ocrx_word' id='word_1_173' title='bbox 133 2622 314 2708; x_wconf 84' lang='lat' dir='ltr'>Lygdamus</span> <span class='ocrx_word' id='word_1_174' title='bbox 336 2624 376 2688; x_wconf 88' lang='lat' dir='ltr'>ad</span> <span class='ocrx_word' id='word_1_175' title='bbox 397 2624 498 2708; x_wconf 90' lang='lat' dir='ltr'>plutei</span> <span class='ocrx_word' id='word_1_176' title='bbox 518 2624 621 2689; x_wconf 87' lang='lat' dir='ltr'>fulcra</span> <span class='ocrx_word' id='word_1_177' title='bbox 640 2625 770 2691; x_wconf 85' lang='lat' dir='ltr'>sinistra</span> <span class='ocrx_word' id='word_1_178' title='bbox 791 2626 893 2689; x_wconf 87' lang='lat' dir='ltr'>latens</span> 
     </span>
     <span class='ocr_line' id='line_1_30' title="bbox 91 2707 923 2793; baseline 0 -20"><span class='ocrx_word' id='word_1_179' title='bbox 91 2707 238 2787; x_wconf 83' lang='lat' dir='ltr'>Eruitur,</span> <span class='ocrx_word' id='word_1_180' title='bbox 260 2708 452 2793; x_wconf 83' lang='lat' dir='ltr'>geniumque</span> <span class='ocrx_word' id='word_1_181' title='bbox 473 2730 579 2773; x_wconf 90' lang='lat' dir='ltr'>meum</span> <span class='ocrx_word' id='word_1_182' title='bbox 600 2712 777 2792; x_wconf 85' lang='lat' dir='ltr'>prostratus</span> <span class='ocrx_word' id='word_1_183' title='bbox 805 2710 923 2774; x_wconf 88' lang='lat' dir='ltr'>adorat.</span> 
     </span>
     <span class='ocr_line' id='line_1_31' title="bbox 133 2791 1051 2880; baseline 0.003 -25"><span class='ocrx_word' id='word_1_184' title='bbox 133 2791 303 2876; x_wconf 79' lang='lat' dir='ltr'>Lygdame,</span> <span class='ocrx_word' id='word_1_185' title='bbox 325 2794 373 2856; x_wconf 89' lang='lat' dir='ltr'>nil</span> <span class='ocrx_word' id='word_1_186' title='bbox 394 2792 500 2876; x_wconf 91' lang='lat' dir='ltr'>potui:</span> <span class='ocrx_word' id='word_1_187' title='bbox 522 2796 629 2858; x_wconf 91' lang='lat' dir='ltr'>tecum</span> <span class='ocrx_word' id='word_1_188' title='bbox 650 2815 710 2880; x_wconf 85' lang='lat' dir='ltr'>ego</span> <span class='ocrx_word' id='word_1_189' title='bbox 733 2796 843 2878; x_wconf 90' lang='lat' dir='ltr'>captus</span> <span class='ocrx_word' id='word_1_190' title='bbox 866 2814 962 2858; x_wconf 90' lang='lat' dir='ltr'>eram.</span> <span class='ocrx_word' id='word_1_191' title='bbox 1018 2808 1051 2857; x_wconf 75' lang='lat'>70</span> 
     </span>
     <span class='ocr_line' id='line_1_32' title="bbox 92 2875 987 2961; baseline 0.002 -20"><span class='ocrx_word' id='word_1_192' title='bbox 92 2875 136 2941; x_wconf 80' lang='lat' dir='ltr'>Su</span> <span class='ocrx_word' id='word_1_193' title='bbox 158 2876 295 2960; x_wconf 88' lang='lat' dir='ltr'>plicibus</span> <span class='ocrx_word' id='word_1_194' title='bbox 316 2877 432 2960; x_wconf 86' lang='lat' dir='ltr'>palmis</span> <span class='ocrx_word' id='word_1_195' title='bbox 453 2880 522 2941; x_wconf 88' lang='lat' dir='ltr'>tum</span> <span class='ocrx_word' id='word_1_196' title='bbox 544 2877 671 2942; x_wconf 88' lang='lat' dir='ltr'>demum</span> <span class='ocrx_word' id='word_1_197' title='bbox 692 2877 732 2942; x_wconf 88' lang='lat' dir='ltr'>ad</span> <span class='ocrx_word' id='word_1_198' title='bbox 752 2878 884 2943; x_wconf 85' lang='lat' dir='ltr'>foedera</span> <span class='ocrx_word' id='word_1_199' title='bbox 904 2879 987 2961; x_wconf 87' lang='lat' dir='ltr'>veni,</span> 
     </span>
     <span class='ocr_line' id='line_1_33' title="bbox 133 2899 864 3058; baseline 0.003 -34"><span class='ocrx_word' id='word_1_200' title='bbox 133 2899 214 3024; x_wconf 63' lang='lat' dir='ltr'>dum</span> <span class='ocrx_word' id='word_1_201' title='bbox 234 2961 287 3025; x_wconf 85' lang='lat' dir='ltr'>vix</span> <span class='ocrx_word' id='word_1_202' title='bbox 308 2961 488 3058; x_wconf 80' lang='lat' dir='ltr'>tangendos</span> <span class='ocrx_word' id='word_1_203' title='bbox 509 2961 657 3046; x_wconf 87' lang='lat' dir='ltr'>praebuit</span> <span class='ocrx_word' id='word_1_204' title='bbox 677 2963 732 3026; x_wconf 90' lang='lat' dir='ltr'>illa</span> <span class='ocrx_word' id='word_1_205' title='bbox 752 2963 864 3046; x_wconf 89' lang='lat' dir='ltr'>pedes,</span> 
     </span>
     <span class='ocr_line' id='line_1_34' title="bbox 92 3044 974 3131; baseline 0.002 -22"><span class='ocrx_word' id='word_1_206' title='bbox 92 3044 197 3127; x_wconf 88' lang='lat' dir='ltr'>Atque</span> <span class='ocrx_word' id='word_1_207' title='bbox 219 3044 264 3108; x_wconf 90' lang='lat' dir='ltr'>ait</span> <span class='ocrx_word' id='word_1_208' title='bbox 286 3044 454 3109; x_wconf 72' lang='lat' dir='ltr'>‘admissae</span> <span class='ocrx_word' id='word_1_209' title='bbox 475 3046 504 3110; x_wconf 88' lang='lat' dir='ltr'>si</span> <span class='ocrx_word' id='word_1_210' title='bbox 525 3046 573 3110; x_wconf 87' lang='lat' dir='ltr'>vis</span> <span class='ocrx_word' id='word_1_211' title='bbox 594 3068 646 3111; x_wconf 92' lang='lat' dir='ltr'>me</span> <span class='ocrx_word' id='word_1_212' title='bbox 667 3047 832 3131; x_wconf 83' lang='lat' dir='ltr'>ignoscere</span> <span class='ocrx_word' id='word_1_213' title='bbox 855 3046 974 3130; x_wconf 89' lang='lat' dir='ltr'>culpae,</span> 
     </span>
     <span class='ocr_line' id='line_1_35' title="bbox 133 3128 866 3216; baseline 0.003 -25"><span class='ocrx_word' id='word_1_214' title='bbox 133 3128 262 3212; x_wconf 84' lang='lat' dir='ltr'>Accipe,</span> <span class='ocrx_word' id='word_1_215' title='bbox 305 3149 364 3193; x_wconf 90' lang='lat' dir='ltr'>uae</span> <span class='ocrx_word' id='word_1_216' title='bbox 385 3132 513 3194; x_wconf 87' lang='lat' dir='ltr'>nostrae</span> <span class='ocrx_word' id='word_1_217' title='bbox 534 3129 672 3195; x_wconf 88' lang='lat' dir='ltr'>formula</span> <span class='ocrx_word' id='word_1_218' title='bbox 693 3131 774 3216; x_wconf 81' lang='lat' dir='ltr'>legis</span> <span class='ocrx_word' id='word_1_219' title='bbox 797 3130 866 3194; x_wconf 86' lang='lat' dir='ltr'>erit.</span> 
     </span>
     <span class='ocr_line' id='line_1_36' title="bbox 91 3150 1048 3298; baseline 0.002 -23"><span class='ocrx_word' id='word_1_220' title='bbox 91 3211 139 3275; x_wconf 85' lang='lat' dir='ltr'>Tu</span> <span class='ocrx_word' id='word_1_221' title='bbox 160 3233 262 3295; x_wconf 88' lang='lat' dir='ltr'>neque</span> <span class='ocrx_word' id='word_1_222' title='bbox 284 3150 435 3296; x_wconf 55' lang='lat' dir='ltr'>lompeia</span> <span class='ocrx_word' id='word_1_223' title='bbox 456 3214 633 3297; x_wconf 86' lang='lat' dir='ltr'>spatiabere</span> <span class='ocrx_word' id='word_1_224' title='bbox 655 3215 758 3279; x_wconf 89' lang='lat' dir='ltr'>cultus</span> <span class='ocrx_word' id='word_1_225' title='bbox 779 3214 815 3278; x_wconf 91' lang='lat' dir='ltr'>in</span> <span class='ocrx_word' id='word_1_226' title='bbox 836 3215 957 3298; x_wconf 91' lang='lat' dir='ltr'>umbra,</span> <span class='ocrx_word' id='word_1_227' title='bbox 1016 3227 1048 3277; x_wconf 80' lang='lat'>75</span> 
     </span>
     <span class='ocr_line' id='line_1_37' title="bbox 132 3295 860 3362; baseline -0.001 0"><span class='ocrx_word' id='word_1_228' title='bbox 132 3295 201 3362; x_wconf 89' lang='lat' dir='ltr'>Nec</span> <span class='ocrx_word' id='word_1_229' title='bbox 222 3317 294 3360; x_wconf 89' lang='lat' dir='ltr'>cum</span> <span class='ocrx_word' id='word_1_230' title='bbox 315 3296 467 3361; x_wconf 84' lang='lat' dir='ltr'>lascivum</span> <span class='ocrx_word' id='word_1_231' title='bbox 488 3301 609 3362; x_wconf 88' lang='lat' dir='ltr'>sternet</span> <span class='ocrx_word' id='word_1_232' title='bbox 630 3319 725 3362; x_wconf 88' lang='lat' dir='ltr'>arena</span> <span class='ocrx_word' id='word_1_233' title='bbox 745 3298 860 3361; x_wconf 81' lang='lat' dir='ltr'>forum.</span> 
     </span>
     <span class='ocr_line' id='line_1_38' title="bbox 91 3378 1007 3464; baseline 0.003 -19"><span class='ocrx_word' id='word_1_234' title='bbox 91 3378 182 3445; x_wconf 80' lang='lat' dir='ltr'>Colla</span> <span class='ocrx_word' id='word_1_235' title='bbox 204 3400 278 3444; x_wconf 88' lang='lat' dir='ltr'>cave</span> <span class='ocrx_word' id='word_1_236' title='bbox 299 3379 441 3443; x_wconf 86' lang='lat' dir='ltr'>inflectas</span> <span class='ocrx_word' id='word_1_237' title='bbox 464 3380 504 3444; x_wconf 90' lang='lat' dir='ltr'>ad</span> <span class='ocrx_word' id='word_1_238' title='bbox 525 3402 684 3445; x_wconf 89' lang='lat' dir='ltr'>summum</span> <span class='ocrx_word' id='word_1_239' title='bbox 699 3381 827 3464; x_wconf 89' lang='lat' dir='ltr'>obliqua</span> <span class='ocrx_word' id='word_1_240' title='bbox 847 3381 1007 3448; x_wconf 88' lang='lat' dir='ltr'>theatrum</span> 
     </span>
     <span class='ocr_line' id='line_1_39' title="bbox 131 3463 797 3549; baseline 0.002 -20"><span class='ocrx_word' id='word_1_241' title='bbox 131 3465 200 3529; x_wconf 89' lang='lat' dir='ltr'>Aut</span> <span class='ocrx_word' id='word_1_242' title='bbox 219 3463 332 3530; x_wconf 88' lang='lat' dir='ltr'>lectica</span> <span class='ocrx_word' id='word_1_243' title='bbox 351 3467 424 3529; x_wconf 87' lang='lat' dir='ltr'>tuae</span> <span class='ocrx_word' id='word_1_244' title='bbox 447 3463 530 3528; x_wconf 87' lang='lat' dir='ltr'>sidat</span> <span class='ocrx_word' id='word_1_245' title='bbox 551 3468 659 3549; x_wconf 84' lang='lat' dir='ltr'>ape1ta</span> <span class='ocrx_word' id='word_1_246' title='bbox 680 3486 797 3531; x_wconf 85' lang='lat' dir='ltr'>morae.</span> 
     </span>
    </p>
   </div>
   <div class='ocr_carea' id='block_1_3' title="bbox 0 0 1156 3922">
    <p class='ocr_par' dir='ltr' id='par_1_3' title="bbox 0 0 1156 3922">
     <span class='ocr_line' id='line_1_40' title="bbox 0 0 1156 3922; baseline 0 0"><span class='ocrx_word' id='word_1_247' title='bbox 0 0 1156 3922; x_wconf 95' lang='lat' dir='ltr'> </span> 
     </span>
    </p>
   </div>
  </div>
 </body>
</html>
