2302 3922
89 188 163 261 vn]
502 160 651 242 alanni.

90 349 136 415 nt
155 349 216 413 tibi
237 370 304 412 non
324 369 474 431 umquam
496 353 623 413 nostros
645 371 724 433 puer
745 349 806 413 iste
828 350 953 414 labores

133 432 270 497 Adferat
291 435 323 497 et
344 433 483 497 lacrimis
505 434 613 497 omnia
633 437 712 497 nota
733 434 821 497 meis.

91 517 145 583 Me
168 517 246 600 sine,
269 538 363 599 quem
385 538 510 600 sempor
531 516 632 581 voluit
652 517 781 581 fortuna
801 517 913 600 iacere,
1020 528 1054 577 25

133 600 226 664 Hanc
249 601 388 664 animam
411 605 568 665 extremae
590 600 720 664 reddere
742 601 911 683 nequitiae.

92 684 187 749 Multi
209 685 386 769 longinquo
408 684 530 767 periere
551 685 586 746 in
608 706 715 748 amore
737 685 882 767 libenter,

134 768 174 832 In
196 789 329 852 quorum
349 789 481 831 numero
503 789 554 832 me
576 789 701 850 quoque
723 771 807 831 terra
827 773 926 852 tegat.

55 912 59 919 .
91 850 169 917 Non
191 873 251 936 ego
275 873 346 915 sum
368 851 462 933 laudi,
485 872 551 915 non
572 854 666 915 natus
688 851 820 915 idoneus
842 854 954 916 armis:

134 934 228 999 Hanc
250 957 301 999 me
322 936 470 998 militiam
492 935 558 998 fata
580 935 685 999 subire
706 936 827 998 volunt.
1021 946 1056 996 80

92 1022 139 1084 At
158 1022 195 1082 tu
217 1040 272 1084 seu
294 1019 400 1082 mollis
423 1040 484 1102 qua
505 1018 609 1082 tendit
630 1019 722 1081 Ionia
743 1040 798 1081 seu
820 1040 882 1101 qua

135 1102 236 1186 Lydia
257 1102 381 1166 Pactoli
401 1102 500 1186 tingit
522 1107 609 1165 arata
631 1102 744 1185 liquor,

93 1186 157 1251 Seu
178 1186 312 1283 pedibus
335 1190 435 1249 terras
458 1206 513 1249 seu
534 1189 667 1270 pontum
691 1207 819 1269 carpere
840 1186 936 1250 remis

136 1268 212 1352 Ibrs,
235 1272 271 1334 ut
293 1270 415 1352 accepti
437 1291 506 1333 sors
529 1272 589 1333 erit
610 1271 750 1352 imperii:

94 1352 177 1417 Tum
198 1354 258 1416 tibi
280 1355 371 1437 siqua
393 1354 455 1416 mei
478 1353 583 1417 veniet
604 1375 670 1416 non
692 1354 848 1418 inmemor
868 1353 957 1437 hora,
1022 1365 1056 1413 35

136 1436 251 1501 Vivere
274 1459 324 1501 me
347 1437 425 1500 duro
449 1436 549 1500 sidere
572 1442 675 1500 certus
698 1439 769 1502 eris.

500 1568 649 1575 ———-—.

537 1650 614 1723 Vll.

95 1770 181 1836 Dum
202 1772 263 1835 tibi
284 1770 439 1836 Cadmeae
461 1771 618 1854 dicuntur,
641 1772 784 1855 Pontice,
807 1772 934 1836 Thebae

138 1858 299 1938 Armaque
320 1856 479 1920 fraternae
500 1856 605 1920 tristia
627 1857 768 1938 militiae,

96 1941 213 2088 Atque,
236 1940 281 2002 ita
303 1940 362 2003 sim
384 1940 470 2021 felix,
492 1940 595 2022 primo
619 1941 783 2003 contendis
805 1939 957 2021 Homero,

161 2024 212 2087 int
232 2023 327 2086 modo
350 2024 417 2087 fata
437 2024 500 2086 tuis
522 2023 632 2085 mollia
654 2023 861 2086 carminibus:

94 2106 174 2190 Nos,
199 2110 234 2170 ut
256 2128 454 2189 consuamus,
476 2109 603 2169 nostros
626 2107 783 2190 agitamus
805 2127 928 2170 amores
1040 2119 1057 2167 o

138 2191 245 2273 Atque
268 2191 388 2273 aliquid
410 2189 520 2253 duram
543 2191 722 2273 quaerimus
744 2191 778 2252 in
800 2190 976 2273 dominam5

95 2273 165 2341 Nec
187 2277 311 2338 tantum
334 2274 473 2359 ingeni0,
497 2276 650 2356 quantum
671 2275 788 2337 servire
810 2273 913 2337 dolori

139 2357 247 2442 Cogor
269 2361 301 2422 et
323 2358 435 2422 aetatis
456 2362 601 2441 tempora
622 2356 702 2421 dura
722 2357 820 2441 queri.

95 2440 158 2506 Hic
179 2442 259 2505 mihi
282 2442 455 2507 conteritur
470 2443 553 2505 vitae
566 2440 689 2523 modus,
713 2440 791 2505 haec
805 2462 875 2504 mea
889 2440 1013 2522 famast,

139 2525 225 2590 Hinc
248 2526 341 2609 cupio
363 2546 481 2589 nornen
504 2525 652 2589 carminis
674 2527 720 2590 ire
742 2525 813 2589 mei.
1025 2537 1058 2585 ro

96 2608 149 2674 Me
171 2609 302 2674 laudent
323 2610 434 2674 doctae
456 2610 560 2673 solum
581 2609 739 2693 placuisse
760 2608 894 2693 puellae,

138 2693 281 2775 Pontice,
305 2697 337 2756 et
358 2694 492 2757 iniustas
515 2714 609 2776 saepe
631 2693 744 2757 tulisse
765 2693 883 2756 minas:

96 2777 150 2841 Me
172 2777 259 2862 legat
280 2777 410 2841 adsidue
431 2780 506 2860 post
528 2776 603 2840 haec
626 2777 790 2861 neglectus
813 2779 943 2860 amator,

138 2860 183 2924 nt
203 2863 328 2944 prosint
350 2861 397 2925 illi
419 2861 549 2945 cognita
569 2864 679 2924 nostra
699 2861 791 2925 mala.

96 2942 142 3009 Te
164 2965 289 3028 quoque
311 2945 339 3008 si
361 2948 446 3009 certo
468 2967 547 3028 puer
567 2944 620 3009 hic
643 2946 837 3010 concusserit
857 2966 943 3026 arcu,
1026 2956 1059 3005 lc

140 3027 209 3104 Quo
231 3029 332 3092 nolim
354 3032 481 3092 nostros
503 3032 534 3092 te
556 3029 691 3093 violasse
713 3029 799 3112 deos,

96 3110 208 3196 Longe
231 3115 336 3176 castra
356 3113 425 3195 tibi,
446 3113 543 3198 longe
565 3112 661 3176 miser
682 3113 810 3197 agmina
832 3116 953 3194 septem

139 3194 246 3260 Flebis
268 3197 303 3259 in
324 3199 453 3260 aeterno
476 3196 571 3260 surda
592 3198 694 3260 iacere
716 3199 788 3277 situ,

96 3278 142 3344 Et
162 3279 281 3344 frustra
303 3302 341 3344 cu
364 3281 411 3343 ies
432 3280 561 3345 mollem
584 3300 764 3363 conponere
785 3299 919 3360 versum,

141 3362 208 3427 Nec
229 3365 289 3428 tibi
312 3303 446 3428 subiciet
468 3365 608 3428 carmina
629 3384 717 3427 serus
739 3363 848 3425 Amor.

97 3446 180 3512 Turn
201 3470 252 3512 me
273 3469 340 3512 non
361 3447 513 3513 humilem
534 3448 690 3512 mirabere
712 3466 805 3530 saepe
825 3448 962 3530 poetam,
