2302 3922
72 220 120 291 1.]
469 218 577 273 amru
598 218 646 274 111.
991 210 1032 275 41

73 381 162 527 Ergo
184 402 226 444 ne
248 381 358 444 dubita
378 379 510 444 blandas
533 379 680 444 adhibere
702 379 873 463 querellas:
1000 388 1035 439 to

147 464 298 528 ineuntur
318 465 409 528 molli
430 468 560 547 pectora
581 464 659 528 dura
679 484 780 547 prece.

74 548 166 624 Quod
188 548 216 612 si
236 569 311 612 vcra
333 551 452 612 canunt
473 549 570 611 sacris
592 548 718 611 oracula
737 548 880 630 templis,

115 630 204 695 Haec
225 631 275 695 illi
295 634 406 695 nostro
428 632 558 695 nominc
580 631 664 695 dicta
684 632 780 695 refer:

72 714 144 779 Hoc
164 713 226 778 tibi
248 716 431 802 coniugium
452 714 611 798 promittit
632 714 742 778 Delius
764 716 833 798 ipse

117 798 222 881 Felix,
244 798 321 863 hoc:
345 798 442 862 alium
464 799 571 864 desine
592 798 674 862 velle
695 797 820 862 virum?
999 809 1035 861 80

72 880 178 965 Dixit,
202 886 234 945 et
254 883 387 966 ignavus
410 883 541 947 defluxit
563 903 694 965 corpore
717 902 856 947 somnus.

115 967 145 1029 A
168 987 184 1029 e
208 987 227 1029 0
249 987 291 1029 ne
312 966 433 1049 possim
454 970 544 1031 tanta
565 966 671 1030 videre
693 967 794 1031 mala!

1111 854 1118 893 l

72 1048 141 1115 Nec
162 986 222 1112 tili
245 1050 431 1113 crediderim
452 1052 535 1114 votis
558 1050 716 1114 contraria
736 1053 812 1113 vota

113 1132 182 1198 Nec
204 1136 329 1197 tantum
352 1134 471 1197 crimen
492 1137 620 1216 pectore
641 1134 746 1198 inesse
768 1138 840 1197 tuo:

70 1215 156 1281 Nam
177 1220 210 1280 te
231 1238 291 1280 nec
313 1218 395 1281 rasti
416 1220 595 1362 genuerunt
615 1238 752 1314 aequora
771 1218 863 1299 ponti
1000 1227 1034 1279 8⁶

112 1300 183 1365 Nec
203 1301 365 1362 flammam
386 1321 426 1364 vo
439 1322 516 1364 vens
538 1322 592 1364 ore
614 1300 781 1366 Chimaera
806 1301 874 1364 fero

70 1383 140 1449 Nec
164 1384 253 1447 canis
276 1383 434 1467 anguinea
454 1384 619 1447 redimitus
639 1388 731 1469 terga
753 1386 893 1461 caterva,

113 1465 173 1531 Oui
196 1469 262 1531 tres
284 1469 360 1530 111111
381 1466 507 1551 linguae
529 1469 802 1552 tergeminumque
824 1472 934 1551 caput,

70 1548 112 1615 Sc
134 1551 438 1635 llaquesvirgineam
460 1552 589 1616 canibus
612 1552 772 1616 succincta
792 1552 926 1637 figuram
933 1600 942 1633 ,

146 1655 181 1698 ec
202 1638 234 1697 te
257 1637 444 1718 conceptam
465 1656 558 1699 saeva
579 1635 688 1699 leaena
708 1637 798 1718 tulit,
999 1648 1034 1696 00

69 1717 211 1782 Barbara
231 1739 291 1782 nec
314 1717 460 1802 Scythiae
481 1719 576 1784 tellus
597 1719 793 1783 horrendaue
815 1718 935 1802 SyrtiS,

113 1800 176 1865 Sed
198 1802 284 1865 culta
305 1805 337 1865 et
358 1803 444 1867 duris
465 1824 532 1867 non
553 1803 725 1867 habitanda
746 1803 859 1868 domus

69 1884 114 1949 Et
135 1885 231 1969 longe
254 1889 328 1949 ante
350 1886 428 1949 alias
451 1908 560 1951 omnes
582 1887 752 1950 mitissima
772 1890 874 1952 mater

112 1967 206 2051 Isque
228 1972 319 2052 pater
341 1991 403 2052 quo
425 1991 492 2033 non
514 1971 594 2033 alter
616 1971 790 2034 amabilior.

68 2050 158 2116 Haec
181 2052 257 2116 deus
279 2053 314 2115 in
334 2054 448 2117 melius
471 2054 609 2117 crudelia
631 2055 756 2117 somnia
776 2057 880 2118 vertat
998 2066 1033 2117 05

111 2135 157 2200 Et
177 2136 285 2200 iubeat
305 2136 432 2220 tepidos
453 2137 543 2200 inita
564 2137 646 2201 ferre
667 2137 781 2202 Notos.

526 2350 569 2424 V.

68 2470 137 2537 Vos
159 2474 262 2554 tenet,
285 2471 430 2536 Etruscis
453 2482 562 2536 manat
584 2493 662 2555 quae
684 2472 829 2536 fontibus
851 2472 951 2555 unda,

111 2554 206 2620 Vnda
228 2555 287 2620 sub
310 2557 465 2619 aestivum
487 2578 554 2620 11011
575 2555 719 2620 adeunda
740 2555 875 2637 Canem,

68 2639 165 2705 Nunc
187 2644 294 2704 autem
315 2642 413 2704 sacris
434 2639 584 2703 Baiarum
606 2641 751 2722 proxima
772 2641 926 2724 lymphis,

112 2723 193 2788 (lum
216 2746 250 2788 se
272 2746 431 2807 purpureo
453 2746 526 2788 vere
547 2724 683 2789 remittit
703 2724 832 2789 humus:

67 2809 113 2873 At
134 2806 217 2870 mihl
236 2808 438 2892 Persephone
459 2809 584 2893 nigram
607 2808 773 2873 denuntiat
792 2808 919 2872 horam:
1015 2818 1035 2870 t

110 2890 265 2955 Inmerito
287 2892 394 2956 iuveni
415 2914 509 2976 parce
531 2914 660 2974 nocere,
684 2892 751 2958 dea.

67 2973 146 3039 Non
168 2997 228 3060 ego
250 2976 405 3059 temptavi
426 2976 506 3039 nulli
527 2977 710 3040 temeranda
731 2978 871 3041 virorum

111 3058 226 3123 Audax
247 3059 424 3123 laudandae
446 3081 534 3124 sacra
556 3060 668 3124 docere
691 3061 781 3142 deae,

67 3142 137 3207 Nec
160 3164 232 3208 mea
252 3145 426 3208 mortiferis
448 3144 560 3207 infecit
580 3145 695 3227 pocula
717 3145 800 3207 sucis

110 3225 251 3292 Dextera
272 3249 332 3292 nec
354 3228 501 3312 cuiquam
522 3227 599 3291 trita
619 3249 742 3291 venena
764 3226 866 3308 dedit,
1002 3238 1036 3287 10

67 3308 139 3375 Nec
159 3332 220 3375 nos
244 3311 391 3397 sacrilegi
413 3311 540 3395 templis
563 3312 760 3375 admovimus
782 3311 890 3393 ignes,

111 3393 180 3459 Nec
204 3417 259 3460 cor
282 3397 458 3460 sollicitant
478 3396 564 3458 facta
584 3395 723 3458 nefanda
742 3415 863 3475 meum,

68 3474 138 3543 Nec
160 3500 220 3544 nos
242 3479 372 3544 insanae
393 3479 584 3544 meditantes
605 3477 709 3563 iurgia
730 3477 846 3541 mentis
