2302 3922
359 234 549 296 01111111
572 235 767 301 01111111.
1020 237 1060 302 57

147 406 256 481 Ianua,
279 424 366 483 quam
383 404 479 463 Balbo
501 404 607 464 dicunt
624 407 755 465 servisse
772 407 905 484 benigne

190 488 288 565 Olim,
307 508 374 547 cum
396 487 486 547 sedes
498 490 572 568 ,ipse
590 506 684 549 senex
704 492 821 566 tenuit,

109 583 127 636 ὁ
149 573 307 650 Quamque
329 574 434 631 ierunt
454 591 561 631 rursus
577 580 649 631 nato
671 575 803 633 servisse
823 571 971 652 maligne,

190 656 355 734 Postquam
378 663 425 715 est
446 663 591 735 porrecto
610 661 693 715 tacta
711 658 818 716 marita
840 675 924 716 sene.

148 732 205 799 Dic
225 738 353 818 agedum
373 741 480 816 nohis,
502 757 597 818 quare
617 747 732 799 mutata
749 741 861 800 feraris

190 822 224 882 11
248 822 402 882 dominum
423 831 562 883 veterem
584 822 760 883 deseruisse
780 823 882 883 fldem.

149 907 235 966 ‘Non
256 908 312 983 (111
335 907 469 967 Caecilio
491 906 645 987 placeam,
674 908 723 967 cui
744 907 858 967 tradita
878 927 958 968 nunc
980 913 1060 989 sum)

93 1002 129 1052 10
192 989 290 1070 Culpa
311 1009 378 1050 mea
395 998 459 1068 est,
481 1011 651 1070 quanquam
673 990 787 1051 dicitur
807 1009 876 1052 esse
895 1010 978 1070 mea,

148 1074 212 1135 Nec
229 1082 388 1154 peccatum
404 1096 421 1133 a
439 1093 487 1134 mc
503 1077 662 1154 quisquam
676 1083 749 1155 pote
764 1074 869 1135 dicere
885 1077 1061 1155 quicquam:

190 1159 329 1219 *Verum
347 1159 399 1217 isti
419 1158 527 1238 populi
545 1161 634 1218 ianua
655 1161 758 1237 quite
779 1159 869 1235 facit,

147 1243 222 1320 Qui,
243 1260 422 1320 quacunque
443 1242 561 1321 aliquid
581 1245 740 1323 reperitur
758 1261 820 1311 non
837 1244 918 1302 bene
938 1243 1061 1321 iactum,

188 1324 238 1386 Ad
259 1344 308 1386 me
331 1345 435 1385 omnes
457 1325 602 1386 clamant:
623 1328 728 1404 ianua,
751 1324 841 1407 culpa
861 1332 915 1386 tua
936 1331 1004 1386 est'

92 1421 128 1471 15
150 1410 217 1469 Non
236 1412 316 1470 istuc
339 1411 412 1469 satis
432 1417 481 1470 est
502 1429 562 1470 uno
583 1417 617 1470 te
640 1409 745 1471 dicere
766 1412 879 1489 verbo,

189 1494 252 1554 Sed
272 1494 377 1554 iacere
396 1502 431 1553 ut
453 1496 550 1572 quivis
568 1496 682 1554 sentiat
703 1501 736 1554 11
754 1494 866 1554 videat.

94 1652 104 1665 ο
148 1579 226 1654 ‘Qui
247 1577 392 1658 possum?
413 1597 502 1638 nemo
524 1581 646 1657 quaerit
663 1597 722 1638 nec
744 1579 825 1638 scire
846 1577 989 1637 laborat?

67 1727 76 1737 ‚
187 1663 250 1721 Nos
271 1660 422 1721 volumus:
443 1663 532 1721 nohis
554 1660 661 1722 dicere
682 1681 722 1721 ne
742 1662 856 1724 dubita.

148 1746 302 1805 ‘Primum
324 1746 435 1830 igitur,
455 1747 541 1823 virgo
562 1745 644 1824 quod
665 1746 768 1806 fertur
787 1744 903 1805 tradita
922 1747 1027 1823 nohis,

91 1839 128 1890 20
189 1829 313 1890 Falsum
334 1836 392 1892 est.
419 1848 481 1888 non
502 1829 586 1889 illam
605 1831 652 1889 vir
670 1831 756 1910 prior
777 1831 932 1909 attigerit,

147 1913 334 1992 Languidior
352 1919 461 1972 tenera
483 1915 533 1972 cui
551 1913 692 1993 pendens
711 1912 807 1974 sicula
824 1915 897 1973 beta

188 1998 348 2075 Nunquam
364 2016 398 2056 se
419 1995 550 2056 mediam
571 1994 698 2063 sustulit
717 1997 756 2057 ad
773 1999 922 2057 tunicam:

148 2080 210 2140 Sed
230 2089 320 2160 pater
340 2079 424 2140 illius
445 2082 529 2158 gnati
548 2080 679 2140 violasse
702 2078 804 2141 cubile

188 2165 308 2224 Dicitur
329 2172 362 2223 et
382 2165 525 2223 miseram
546 2163 776 2224 conscelerasse
798 2163 937 2240 domum,

92 2259 127 2310 25
149 2248 219 2307 Sive
240 2246 322 2326 quod
343 2249 437 2327 impia
456 2266 543 2306 mens
565 2266 655 2307 caeco
676 2248 824 2325 flagrabat
845 2265 965 2325 amore,

190 2332 251 2391 Seu
270 2331 353 2410 quod
372 2333 458 2391 iners
479 2329 580 2390 sterili
599 2332 719 2391 semine
737 2336 826 2390 natus
847 2337 931 2409 erat,

129 2417 190 2476 »Ut
211 2413 420 2493 quaerendum
441 2413 565 2475 aliunde
583 2416 667 2475 foret
688 2415 848 2476 nervosius
868 2412 964 2494 illud,

190 2498 279 2574 Quod
299 2506 406 2578 posset
426 2517 533 2558 zonam
554 2497 675 2559 solvere
695 2501 887 2579 virgineam?

147 2581 312 2660 Egregium
334 2601 440 2641 narras
459 2583 536 2641 mira
555 2585 673 2662 pictate
694 2590 872 2665 parentem,

93 2673 129 2725 30
192 2667 251 2742 Qui
269 2667 337 2746 ipse
353 2667 403 2727 sui
425 2668 509 2744 gnati
527 2667 671 2726 minxerit
689 2669 722 2726 in
744 2667 900 2746 gremium.

148 2749 242 2827 Atqui
264 2769 326 2809 non
348 2749 445 2810 solum
465 2751 525 2809 hoc
546 2769 580 2810 se
602 2749 679 2811 dicit
700 2752 854 2830 cognitum
873 2750 990 2809 habere

190 2833 294 2892 Brixia
307 2833 322 2868 *
337 2834 455 2894 11111111
474 2836 665 2915 suppositum
686 2833 826 2915 specula,

148 2916 259 2976 Flavus
271 2937 369 2995 ⁴quam
391 2915 479 2976 molli
500 2921 657 2998 percurrit
676 2920 802 2979 flumine
820 2915 935 2993 Mella,
1002 2970 1005 2975 ,
1083 2916 1087 2925 ’

190 3000 294 3060 Brixia
313 3001 457 3063 Veronae
478 3007 577 3062 mater
598 3010 818 3079 metaneae,
845 3048 847 3053 .

96 3093 129 3144 35
153 3083 216 3143 Sed
238 3083 277 3143 de
297 3085 454 3148 Postumio
477 3091 510 3144 et
532 3085 658 3146 Corneli
680 3090 785 3146 narrat
804 3102 924 3162 amore,

191 3169 268 3228 Cum
291 3170 399 3245 quibus
417 3166 472 3227 illa
493 3168 603 3230 malum
624 3170 701 3230 feeit
723 3168 916 3229 adulterium.

149 3251 270 3311 Dixerit
289 3254 341 3312 hic
358 3252 485 3329 aliquis:
508 3253 603 3331 quid?
623 3261 657 3312 11
677 3254 811 3328 isthaec,
832 3253 937 3328 ianua,
959 3247 1062 3308 nosti?

129 3360 130 3363 ¹
192 3337 250 3396 Cui
269 3354 422 3414 nunquam
444 3334 560 3395 domini
580 3335 688 3396 limine
710 3337 817 3395 abesse
838 3333 931 3409 licet,

148 3419 213 3478 Nec
235 3418 381 3499 populum
403 3418 590 3496 auscultare,
611 3419 667 3479 sed
686 3420 738 3479 hic
757 3418 865 3478 1111111
885 3415 985 3493 tigillo

96 3511 132 3563 40
197 3502 329 3563 Tantum
349 3503 474 3583 operire
492 3501 577 3566 11111
599 3503 802 3588 anteperire
824 3499 974 3562 dommn‘t
