2302 3922
98 193 146 276 'ra
334 208 679 273 osuuuurcsuu.
697 218 740 272 aa
755 222 797 274 ιο.
812 219 864 274 51:

532 399 656 464 XLIX.

248 487 462 580 llisertissime
481 517 603 578 Romuli
620 525 784 598 nepotum,
925 573 928 577 ,

250 606 332 682 Quot
347 607 423 686 xsunt
442 608 577 680 quotque
599 602 706 679 fuere,
726 603 833 663 Marce
853 603 954 681 Tulli,
1017 654 1025 662 .

249 689 391 763 Quotque
412 694 483 764 post
501 684 569 746 aliis
588 692 680 746 eruut
700 688 732 746 in
755 689 857 766 suuis,

249 771 370 831 Gratias
391 770 450 830 tibi
470 771 611 829 maximas
632 769 771 830 Catullus

209 866 226 918 ὁ
248 856 321 932 Agit
341 855 491 934 pessimus
511 856 644 913 omnium
664 861 772 933 poeta,

250 938 350 998 Tanto
371 939 520 1018 pessimus
542 939 673 997 omnium
693 943 786 1017 poeta

247 1023 366 1099 Quanto
387 1027 422 1081 tu
443 1023 574 1101 optimus
597 1023 729 1098 omnium
748 1029 904 1102 patronus.

250 1331 428 1443 llesterno,
448 1365 565 1443 Licini,
587 1366 638 1426 die
660 1368 750 1427 otiosi

248 1448 381 1509 Multum
401 1446 528 1507 lusimus
549 1451 582 1508 in
604 1452 680 1509 meis
702 1447 842 1526 tabellis,

247 1533 291 1593 Ut
310 1538 495 1591 convenerat
517 1550 585 1592 esse
607 1530 766 1592 delicatos.

135 1655 138 1665 ·
250 1616 395 1675 Scribens
413 1614 582 1675 versiculos
604 1622 735 1695 uterque
757 1621 894 1700 nostram

212 1711 229 1763 5
249 1697 390 1759 Ludebat
408 1717 535 1759 numero
557 1697 647 1759 modo
669 1701 727 1759 hoe
748 1698 839 1759 modo
860 1699 947 1776 illoc,

248 1781 393 1843 Reddens
413 1790 515 1842 mutua
535 1801 593 1861 per
613 1785 712 1843 iocum
732 1789 823 1861 atque
844 1784 954 1844 viuum,

252 1868 351 1946 Atque
370 1864 458 1925 illiue
477 1867 539 1926 abii
556 1872 609 1925 tuo
628 1864 736 1946 lepore

248 1949 410 2027 Incensus,
430 1950 547 2028 Licini,
567 1951 766 2030 facetiisque,

147 2110 150 2113 ,
249 2034 293 2095 Ut
314 2052 372 2093 neo
394 2052 443 2094 me
464 2036 609 2094 miserum
632 2034 717 2095 cibus
738 2035 895 2109 iuvaret„

107 2149 110 2156 ·
196 2126 229 2179 10
249 2118 314 2178 Nec
334 2137 456 2178 somnus
477 2123 599 2197 tegeret
621 2119 725 2197 quiete
748 2114 882 2195 ocellos,

250 2200 313 2262 Sed
336 2208 402 2261 toto
423 2201 588 2263 indomitus
608 2202 715 2262 lurore
735 2200 819 2261 lecto

251 2286 404 2348 Versarer
425 2289 551 2366 cupiens
571 2285 678 2347 videre
698 2284 816 2362 lucem,
875 2363 877 2368 .

251 2371 294 2429 Ut
316 2375 417 2429 tecum
432 2368 595 2449 loquerer,
617 2368 768 2448 simulque
789 2378 823 2429 ut
844 2387 952 2429 essem.

251 2454 293 2513 At
312 2451 433 2513 defessa
452 2450 558 2513 labore
576 2455 713 2513 membra
732 2458 892 2532 postquam
1006 2520 1009 2527 ,

198 2547 230 2599 15
252 2535 455 2595 Semimortua
474 2533 589 2598 lectulo
609 2537 765 2612 iacebant,

248 2618 333 2695 Hoc,
352 2616 500 2695 iocunde,
520 2620 580 2678 tibi
600 2637 708 2698 poema
728 2618 805 2696 feci,
934 2683 940 2696 ,

248 2702 295 2761 Ex
316 2719 375 2778 quo
397 2703 591 2781 perspiceres
612 2720 712 2762 meum
733 2699 882 2761 dolorem.

248 2784 335 2844 Nunc
357 2783 453 2844 audax
471 2803 541 2845 cave
563 2786 621 2863 sis,
643 2803 815 2865 precesque
835 2791 972 2864 nostras,

249 2867 393 2944 Oramus,
413 2886 484 2928 cave
501 2867 647 2948 despuas,
669 2866 785 2946 ocelle,

192 2961 227 3014 20
246 2952 293 3011 Nc
313 2970 427 3032 poenas
449 2951 588 3012 Nemesis
606 2958 749 3032 reposcat
769 2972 787 3010 s
807 2959 848 3012 te.

250 3036 307 3095 Est
325 3036 490 3096 vehemens
510 3035 582 3095 deas
602 3033 730 3097 laedere
749 3037 828 3096 hanc
851 3044 964 3096 caveto.

491 3177 695 3186 ..-.---.——-

568 3247 624 3312 LI.

187 3366 191 3377 '
250 3331 310 3426 llle
329 3369 372 3426 mi
391 3339 447 3447 par
469 3385 537 3428 csse
560 3367 618 3427 deo
640 3368 778 3446 videtur,

248 3447 323 3527 llle,
344 3452 370 3510 si
390 3451 436 3512 iss
459 3458 521 3529 cst,
545 3470 691 3531 superare
713 3451 838 3528 clivos,

742 3687 754 3716 t
811 3682 822 3716 ἱ

317 3830 365 3879 1⁶⁴
