2302 3922
115 220 158 282 74
501 224 696 279 raoruarn
842 257 848 269 .
991 225 1080 295 [vm.

176 385 265 449 Inter
288 383 475 450 Callimachi
498 387 548 447 sat
569 385 631 448 erit
651 384 807 468 placuisse
828 384 955 448 libellos

219 468 263 532 Et
285 468 436 532 cecinisse
458 468 575 550 modis,
601 468 666 532 Ooe
687 471 796 551 poeta,
820 469 892 532 tuis.

127 564 161 613 45
176 551 265 615 Haec
285 554 379 614 urant
399 572 528 633 pueros,
551 551 630 615 haec
650 554 745 615 urant
766 551 884 634 scripta
905 551 1043 635 puellae,

220 634 334 717 Meque
356 633 450 698 deum
473 635 612 699 clament
633 638 665 698 et
686 634 766 698 mihi
787 656 876 699 sacra
896 636 1010 699 ferant.

178 717 223 781 Te
239 717 316 781 duce
332 718 383 781 vel
397 717 482 782 Iovis
498 740 587 783 arma
602 740 712 783 canam
734 719 883 802 caeloque
897 719 1075 784 minantem

220 799 340 865 Coeum
363 805 395 865 et
415 801 598 886 Phlegraeis
621 801 837 867 Oromedonta
857 803 956 885 iugis,

178 883 331 967 Celsaque
352 884 504 949 Romanis
526 885 675 968 decerpta
695 887 812 969 palatia
833 887 932 949 tauris

130 980 164 1028 so
221 967 334 1032 Ordiar
356 972 388 1032 et
411 990 501 1033 caeso
523 972 650 1032 moenia
670 970 761 1033 firma
782 969 899 1052 Remo,

179 1051 383 1135 Eductosque
403 1073 495 1135 pares
518 1053 656 1116 silvestri
677 1075 715 1118 ex
737 1053 832 1117 ubere
853 1073 960 1138 reges,

220 1135 350 1200 Crescet
370 1138 403 1200 et
423 1137 588 1221 ingenium
614 1136 672 1200 sub
693 1140 748 1201 tua
768 1138 854 1201 iussa
875 1158 994 1217 meum,

177 1217 355 1303 Prosequar
376 1222 409 1283 et
429 1241 538 1284 currus
560 1224 693 1303 utroque
714 1221 754 1285 ab
775 1222 868 1284 litore
891 1221 1037 1302 ovantes,

219 1302 410 1368 Parthorum
432 1307 554 1368 astutae
575 1305 640 1368 tela
659 1305 792 1368 remissa
812 1305 921 1388 fugae,

128 1397 162 1447 15
177 1383 349 1469 Castraque
370 1386 477 1452 Pelusi
499 1387 642 1452 Romano
666 1388 796 1452 subruta
817 1388 916 1470 ferro,

221 1469 406 1552 Antonique
426 1491 540 1554 graves
562 1472 597 1533 in
619 1492 675 1534 sua
696 1471 762 1535 fata
782 1493 904 1536 manus.

178 1551 286 1614 Mollis
307 1556 343 1614 tu
364 1556 494 1634 coeptae
515 1553 621 1616 fautor
643 1574 719 1634 cape
741 1554 809 1617 lora
829 1555 989 1634 iuventae,

220 1633 419 1717 Dexteraque
440 1635 581 1698 inmissis
604 1635 644 1696 da
664 1636 744 1698 mihi
766 1636 859 1718 signa
879 1637 968 1698 rotis.

179 1716 250 1780 Hoc
270 1716 363 1798 mihi,
385 1717 568 1799 Maecenas,
591 1717 692 1782 laudis
714 1718 876 1799 concedis,
901 1721 933 1780 et
954 1739 974 1779 a
994 1720 1075 1801 test,

130 1814 163 1864 ao
221 1799 312 1875 Quod
332 1801 417 1864 ferar
438 1801 472 1864 in
494 1804 598 1883 partes
621 1801 689 1883 ipse
711 1800 809 1864 fuisse
830 1803 911 1865 tuas.

497 2013 600 2087 vim
628 2009 702 2114 pq.

179 2135 334 2218 Mirabar,
357 2135 508 2218 quidnam
528 2137 691 2201 misissent
712 2157 806 2200 mane
829 2135 1001 2219 Camenae,

221 2220 307 2284 Ante
328 2240 434 2283 meum
456 2223 577 2285 stantes
599 2221 666 2285 sole
686 2220 820 2284 rubente
840 2223 957 2283 torum.

179 2302 304 2368 Natalis
326 2306 453 2368 nostrae
475 2305 603 2389 signum
623 2305 738 2367 misere
758 2304 883 2386 puellae

224 2386 270 2450 Et
289 2387 436 2450 manibus
457 2388 579 2452 faustos
601 2390 650 2451 ter
672 2408 820 2469 crepuere
842 2407 948 2452 sonos.

151 2469 338 2534 oTranseat
358 2469 410 2534 hic
432 2471 500 2535 sine
521 2471 605 2535 nube
626 2471 709 2553 dies,
732 2473 818 2534 stent
839 2491 910 2534 aere
932 2468 1034 2551 venti,

223 2553 329 2618 Ponat
350 2558 382 2617 et
403 2555 438 2617 in
459 2555 542 2619 sicco
564 2555 705 2619 molliter
724 2554 811 2618 unda
831 2555 943 2618 minas.

179 2637 344 2720 Aspiciam
365 2638 470 2702 nullos
492 2638 647 2703 hodierna
667 2639 738 2702 luce
760 2639 918 2719 dolentes,

223 2720 268 2784 Et
288 2720 413 2784 Niobae
434 2722 580 2786 lacrimas
602 2722 779 2804 supprimat
799 2721 868 2802 ipse
890 2720 986 2800 lapis,

180 2803 361 2884 Alcyonum
382 2805 495 2885 positis
517 2805 716 2887 requiescant
737 2824 792 2867 ora
814 2801 964 2883 querelis,

133 2899 165 2949 10
221 2885 369 2967 Increpet
390 2885 499 2950 absum
520 2889 589 2951 tum
610 2907 670 2951 nec
691 2907 748 2949 sua
769 2888 871 2948 mater
891 2882 980 2967 Ityn3

181 2969 307 3052 Tuque,
330 2989 348 3032 o
371 2989 443 3032 cara
501 2970 507 2983 '
535 2971 558 3052 '‚
580 2969 725 3034 felicibus
748 2967 832 3031 edita
853 2967 983 3051 pennis,

225 3053 327 3150 Surge
349 3055 381 3115 et
401 3055 569 3135 poscentes
590 3054 675 3116 iusta
695 3073 824 3134 precare
840 3051 923 3115 deos

180 3138 230 3202 Ac
250 3158 389 3220 prrmum
411 3158 491 3219 pura
512 3156 659 3200 somnum
680 3135 741 3199 tibi
762 3136 883 3200 discute
904 3134 1036 3219 lympha

222 3221 267 3286 Et
286 3220 405 3285 nitidas
425 3241 536 3303 presso
557 3219 673 3302 pollice
693 3219 780 3304 finge
803 3240 925 3284 comast

134 3318 165 3366 15
180 3303 279 3387 Dein,
303 3326 365 3388 qua
386 3305 524 3388 primum
545 3304 654 3368 oculos
677 3304 788 3386 cepisti
810 3306 897 3368 veste
913 3302 1076 3386 Properti,

33 3404 36 3409 ⁴
222 3389 322 3452 Indue
343 3411 403 3453 nec
424 3410 559 3453 vacuum
579 3387 656 3451 flore
677 3388 820 3472 relinque
842 3390 952 3470 caput,

181 3470 226 3535 Et
246 3476 333 3555 pete,
356 3493 420 3555 qua
440 3474 557 3555 pollac,
586 3475 623 3536 ut
644 3471 687 3536 sit
707 3471 767 3536 tibi
788 3472 891 3536 forma
912 3469 1077 3553 perennis,
