2302 3922
115 217 156 281 82
495 223 688 281 PROPERTII
978 224 1083 297 [XIIII.

221 384 354 450 Invocet
374 386 515 469 Antiope
537 407 631 470 quem
653 386 716 450 nisi
738 386 846 450 vineta
867 385 1000 450 Iovem?

180 467 256 533 Sola
268 472 393 551 tamen,
413 491 626 555 quaecumque
644 471 776 534 aderant
788 470 824 534 in
840 490 972 552 corpore
983 469 1079 555 vireS,

219 551 357 636 Regales
378 554 519 617 manicas
540 576 578 617 ru
601 555 628 618 it
647 557 781 637 utraque
802 575 909 618 manu.

129 648 162 697 aa
177 635 256 699 lnde
278 633 479 701 Cithaeronis
500 576 613 702 timido
636 639 716 734 pede
738 638 836 701 currit
856 639 892 701 in
914 658 1011 702 arces.

220 717 294 783 Nox
316 723 397 804 erat,
420 724 454 785 et
474 743 584 805 sparso
605 724 697 785 tuate
719 721 823 786 cubile
844 722 927 806 gelu.

178 802 279 885 Saepe
300 825 382 888 rago
404 806 507 888 Asopi
528 805 633 869 sonitu
654 807 800 888 permota
820 804 948 868 fluentis

222 885 378 951 Credebat
400 888 546 952 dominae
567 909 652 972 pone
672 889 780 953 venire
801 889 908 972 pedes.

176 969 221 1034 Et
241 970 354 1035 durum
377 970 511 1036 Zethum
534 975 567 1036 et
586 972 726 1036 lacrimis
741 971 924 1055 Amphiona
945 972 1076 1039 mollem

127 1066 162 1114 ao
216 1054 389 1138 Expertast
410 1055 542 1120 stabulis
564 1059 666 1119 mater
688 1055 801 1120 abacta
822 1057 896 1120 suis.

176 1140 226 1202 Ac
247 1139 361 1222 veluti,
383 1160 518 1224 magnos
541 1160 613 1204 eum
634 1142 759 1223 ponunt
780 1161 918 1222 aequora
939 1142 1060 1222 motae,

218 1221 323 1286 Eurus
344 1223 401 1287 uhi
423 1224 554 1288 adverso
577 1223 694 1288 desinit
714 1225 760 1287 ire
781 1222 884 1307 Noto,

176 1305 298 1371 Idttore
321 1308 348 1371 si
369 1308 467 1373 tacito
491 1308 613 1372 sonitus
634 1308 766 1372 rarescit
786 1306 936 1391 harenae,

219 1389 272 1455 Sic
295 1389 395 1476 (cadit
415 1391 531 1456 inflexo
554 1392 642 1475 lapsa
663 1392 769 1475 puella
789 1391 889 1476 genu)

127 1485 160 1536 85
176 1471 268 1557 Sera,
290 1477 399 1538 tamen
420 1475 536 1557 pietas:
558 1475 643 1538 natis
666 1479 715 1538 est
736 1475 883 1558 cognitus
905 1495 1002 1539 error.

216 1555 323 1640 Digne
345 1555 431 1620 lovis
453 1560 545 1620 natos
568 1557 621 1638 qui
642 1559 750 1621 tueare
772 1578 886 1640 senex,

176 1639 225 1703 Tu
245 1639 350 1702 reddis
372 1640 478 1720 pueris
500 1642 649 1720 matrem,
672 1640 823 1721 puerique
844 1639 1032 1705 trahendam

217 1721 397 1785 Vinxerunt
417 1720 536 1785 Dircen
557 1722 615 1785 sub
637 1722 735 1786 trucis
758 1743 813 1784 ora
834 1723 934 1785 bovis.

175 1805 330 1888 Antiope,
354 1826 510 1890 cognosce
531 1805 655 1869 Iovem:
677 1804 737 1868 tibi
758 1805 861 1889 gloria
881 1804 977 1869 Dirce

125 1903 160 1952 40
215 1887 350 1954 Ducitur
370 1889 405 1953 in
426 1889 535 1954 multis
556 1891 693 1953 mortem
715 1888 863 1952 habitura
884 1889 972 1953 locis.

175 1973 271 2038 Prata
293 1976 499 2038 cruentantur
522 1972 636 2057 Zetho,
658 1973 822 2056 victorque
845 1974 979 2037 canebat

217 2057 344 2122 Paeana
364 2057 529 2140 Amphion
549 2079 627 2141 rupe
633 2106 642 2139 ‚
665 2056 864 2140 Aracynthe‚
887 2061 951 2121 tua.

174 2142 221 2208 Aa
241 2145 277 2205 tu
297 2162 365 2206 non
385 2143 532 2207 meritam
552 2163 663 2225 parcas
684 2162 797 2205 vexare
818 2141 1009 2224 Lycinnamr

217 2225 330 2291 Nescit
351 2230 456 2290 vestra
477 2248 572 2290 ruens
594 2227 641 2290 ira
662 2225 780 2289 referre
801 2225 923 2307 pedem.

125 2323 158 2375 45
173 2310 296 2376 Fabula
315 2310 405 2374 nulla
425 2313 497 2375 tuas
520 2311 558 2374 de
579 2309 672 2373 nobis
695 2309 835 2373 concitet
856 2329 961 2373 aures:

218 2393 263 2458 Te
284 2393 385 2458 solam
407 2398 440 2458 et
460 2394 557 2478 lignis
579 2393 699 2457 funeris
722 2396 811 2456 ustus
834 2414 945 2456 amem.

518 2523 670 2535 ἡ.-

481 2605 548 2678 xv
576 2602 725 2704 [xvrp.

174 2728 248 2794 Nox
275 2727 395 2809 media,
427 2729 459 2790 et
480 2726 627 2791 dominae
648 2726 728 2790 mihi
748 2727 836 2790 venit
857 2726 994 2808 epistula
1014 2746 1073 2790 no·

718 2812 817 2872 strae:

217 2893 333 2957 Tibure
354 2914 406 2957 me
427 2893 525 2956 missa
546 2894 639 2958 iussit
660 2892 769 2956 adesse
791 2910 897 2972 mora,

175 2976 318 3044 Candida
339 2997 401 3058 qua
425 2977 570 3059 geminas
598 2975 770 3041 ostendunt
791 2973 929 3038 culmina
950 2977 1070 3060 turres,

215 3061 260 3126 Et
282 3059 367 3125 cadit
386 3059 422 3123 in
441 3060 569 3141 patulos
591 3058 721 3142 lympha
741 3058 868 3122 Aniena
889 3059 986 3123 lacus.

146 3159 162 3210 a
177 3145 260 3222 Quid
274 3143 412 3210 faciam?
435 3142 580 3208 obductis
596 3143 792 3207 committam
807 3164 899 3207 mene
913 3144 1071 3227 tenebriS,

215 3228 261 3294 Vt
281 3231 411 3294 timeam
432 3227 566 3293 audaces
587 3227 623 3291 in
643 3248 715 3291 mea
735 3227 879 3291 membra
901 3226 1033 3291 manus?

173 3316 219 3379 At
241 3314 269 3378 ei
291 3314 443 3378 distulero
465 3311 543 3377 haec
564 3315 674 3376 nostro
696 3311 847 3376 mandata
867 3311 1000 3394 timore,

214 3398 381 3465 Nocturno
402 3398 494 3462 fletus
517 3397 639 3461 saevior
660 3396 752 3460 hoste
777 3394 866 3459 mihi.

173 3482 341 3549 Pecearam
362 3483 474 3566 semel,
498 3484 529 3546 et
542 3484 647 3547 totum
662 3503 732 3546 sum
745 3480 856 3564 pulsus
877 3478 914 3543 in
934 3499 1070 3543 annum:

7 3702 119 3867 q
