2302 3922
92 218 181 291 xvi]
493 218 601 273 claua
622 218 643 277 1.
1016 215 1057 278 15

96 392 128 442 17
140 379 210 445 Nec
233 379 278 443 sic
295 378 478 443 Aesoniden
498 379 695 462 rapientibus
718 380 813 444 anxia
833 380 937 444 ventis
1025 390 1057 441 15

180 462 359 560 Hypsipyle
380 483 479 526 vacuo
502 463 647 527 constitit
668 464 702 527 in
723 463 880 529 thalamo:

137 546 171 612 H
216 547 317 630 sipyle
338 547 445 611 nullos
467 550 541 629 post
562 547 636 610 illos
659 548 759 611 sensit
780 569 918 629 amores,

210 635 225 694 t
248 631 346 694 semel
366 629 546 694 Haemonio
568 631 673 694 tabuit
692 631 842 714 hospitio.

96 727 128 779 1⁶
140 715 184 779 Al
206 714 357 778 hesiboea
377 735 452 779 suos
473 714 572 777 ultast
592 736 649 797 pro
673 716 808 800 coniuge
829 715 959 798 fratres,

183 737 356 883 §anguinis
378 801 410 862 et
431 797 496 862 cari
517 798 645 862 vincula
665 799 752 881 rupit
774 820 871 864 arnor.
1024 811 1059 860 20

95 897 129 946 21
139 882 294 966 Coniugis
316 881 449 946 Euadne
470 882 603 946 miseros
626 884 708 946 elata
729 904 786 965 per
807 883 898 967 ignes

182 965 321 1049 Occidit,
344 965 482 1049 Argivae
503 966 590 1029 fama
610 965 790 1049 pudicitiae.

141 1051 281 1127 Quarum
302 1050 391 1114 nulla
411 1053 484 1114 tuos
506 1050 612 1132 potuit
634 1053 817 1114 convertere
838 1070 958 1131 mores,

116 1132 120 1139 '
183 1133 231 1198 Tu
253 1154 378 1217 quoque
399 1133 447 1196 uti
467 1133 559 1196 fieres
579 1133 697 1196 nobilis
719 1132 862 1198 historia.

139 1217 259 1283 Desine
280 1218 345 1282 iam
365 1237 513 1281 revocare
533 1217 598 1280 tuis
618 1217 757 1300 periuria
778 1217 897 1298 verbis,
1024 1226 1057 1277 25

184 1301 338 1385 Cynthia,
361 1303 393 1365 et
415 1300 532 1364 oblitos
554 1321 648 1383 parce
670 1321 797 1364 movere
819 1301 909 1383 deos,

140 1385 255 1450 Audax
276 1408 304 1468 a,
325 1384 459 1449 nimium
481 1387 592 1449 nostro
615 1385 753 1449 dolitura
774 1384 903 1467 periclo,

184 1468 295 1551 Siquid
316 1470 399 1533 forte
420 1468 480 1533 tibi
502 1468 610 1532 durius
632 1468 789 1533 inciderit.

141 1552 233 1618 Muta
253 1554 341 1637 prius
362 1556 453 1617 vasto
475 1553 622 1616 labentur
642 1552 776 1616 flumina
796 1554 911 1649 ponto,

184 1639 298 1702 Annus
321 1640 354 1701 et
373 1637 515 1701 inversas
537 1637 662 1701 duxerit
683 1639 757 1700 ante
778 1657 878 1719 uces,
1025 1646 1059 1696 30

142 1720 244 1797 Quam
265 1724 321 1785 tua
342 1721 400 1785 sub
422 1724 533 1786 nostro
554 1723 695 1785 mutetur
716 1723 843 1803 pectore
866 1740 958 1785 cura:

187 1804 237 1870 Sis
260 1806 479 1889 quodcumque
500 1805 603 1888 voles,
627 1825 694 1869 non
715 1804 820 1869 aliena
841 1807 958 1867 tamen.

141 1889 228 1955 Nam
249 1889 328 1959 mihi
349 1910 390 1953 ne
412 1889 491 1953 viles
513 1890 568 1952 isti
589 1889 755 1952 videantur
777 1888 885 1969 ocelli,

185 1972 246 2039 Per
268 1994 346 2056 quos
369 1993 462 2055 saepe
483 1971 562 2035 mihi
585 1972 704 2035 credita
724 1970 900 2055 perfidiastl

141 2056 211 2122 Hos
232 2059 268 2120 tu
289 2056 430 2139 iurabas,
453 2055 557 2137 siquid
578 2054 714 2118 mentita
734 2055 863 2136 fuisses,
1026 2064 1059 2115 85

185 2140 231 2205 Vt
252 2140 312 2203 tibi
334 2138 507 2222 suppositis
531 2136 712 2201 exciderent
732 2137 893 2201 manibus:

143 2224 188 2288 Et
209 2228 321 2287 contra
341 2241 493 2306 magnum
514 2223 607 2304 potes
628 2219 688 2284 hos
710 2221 854 2285 attollere
876 2220 990 2302 solem,

185 2306 254 2371 Nec
276 2306 386 2369 tremis
409 2304 564 2368 admissae
587 2304 715 2369 conscia
735 2303 918 2387 nequitiae?

143 2389 221 2466 Quis
242 2393 274 2454 te
297 2389 432 2474 cogebat
452 2388 571 2453 multos
592 2389 710 2473 pallere
736 2387 858 2453 colores

185 2473 229 2538 Et
250 2473 360 2537 fletum
381 2471 491 2537 invitis
513 2472 626 2538 ducere
645 2470 842 2537 luminibus?
1026 2482 1060 2532 40

144 2557 221 2635 Quis
241 2579 302 2642 ego
316 2578 402 2621 nunc
418 2576 514 2640 pereo
536 2556 654 2621 similes
669 2556 848 2621 moniturus
862 2557 1004 2619 amantes

187 2641 232 2706 ‘O
254 2641 350 2704 nullis
372 2643 477 2704 tutum
499 2641 625 2705 credere
646 2639 843 2705 blanditiisl'

513 2763 655 2773 ...--

532 2853 627 2926 XVI.

145 2975 233 3053 Quae
247 2976 368 3040 fueram
381 2976 508 3061 magnis
524 2976 600 3041 olim
614 2975 775 3125 patefacta
788 2975 974 3059 triumphis,

185 3059 286 3124 Ianua
300 3060 451 3143 Tarpeiae
472 3063 550 3125 nota
570 3082 614 3144 pu
636 3061 756 3144 icitiae‚

145 3141 241 3208 Cuius
263 3145 400 3207 inaurati
423 3144 623 3209 celebrarunt
643 3144 755 3209 limina
776 3164 900 3225 currus,

187 3225 361 3312 Captorum
382 3227 520 3291 lacrimis
541 3228 649 3292 umida
669 3226 881 3310 supplicibus,

144 3309 240 3375 Nunc
261 3331 337 3395 ego,
359 3311 524 3375 nocturnis
547 3314 695 3394 potorum
717 3310 824 3373 saucia
844 3309 938 3390 rixis,
1043 3319 1060 3370 o

185 3394 317 3458 Pulsata
337 3393 404 3457 indi
455 3394 462 3408 '
502 3416 595 3478 saepo
617 3415 731 3477 queror
751 3393 913 3472 manibus,

143 3477 189 3543 Et
208 3476 289 3542 mihi
310 3499 377 3543 non
420 3482 513 3543 esunt
533 3481 642 3563 turpes
662 3477 801 3562 pendere
824 3476 962 3541 corollae
