2302 3922
95 227 155 293 116
476 229 669 288 1101111111
990 232 1049 302 [xi.

155 393 242 459 Vota
262 395 392 458 movent
413 400 558 476 superos:
580 392 635 457 ubi
654 390 790 477 portitor
805 412 878 457 aera
898 393 1027 476 recepit,

197 477 334 544 Obserat
353 476 519 541 umbrosos
540 475 644 541 lurida
664 480 757 561 porta
776 497 882 562 rogos.

155 558 208 627 Sic
248 562 388 627 maestae
431 561 572 626 cecinere
607 561 724 644 tubae,
766 580 838 624 cum
881 559 1007 624 subdita

697 648 842 709 nostrum

108 741 140 790 10
195 726 386 794 Detraheret
406 727 489 793 lecto
510 729 565 794 fax
585 728 714 793 inimica
736 730 839 812 caput.

156 810 239 887 Quid
259 810 338 876 milri
361 812 543 896 coniugium
557 810 675 895 Paulli,
698 811 774 896 quid
795 831 904 876 currus
919 832 1048 878 avorum

196 894 321 959 Profuit
341 898 396 959 aut
416 895 519 960 famae
562 895 573 958 i
596 917 676 960 nora
696 898 787 960 tants
806 895 919 959 meae?

153 977 241 1044 Num
262 979 367 1044 minus
389 978 517 1044 inmites
538 916 634 1043 leliui
657 977 806 1045 Cornelia
826 978 963 1043 Parcas?

196 1061 249 1128 En
270 1084 350 1145 sum,
372 1061 458 1146 quod
480 1062 590 1148 digitis
612 1063 750 1146 quinque
776 1063 912 1146 levetur,
935 1083 1026 1128 onus.

107 1156 139 1208 11
153 1144 331 1210 Damnatae
352 1149 463 1213 noctes
486 1149 518 1211 et
538 1167 596 1211 vos
618 1146 699 1210 vada
720 1147 806 1211 lenta
843 1146 961 1228 eludes,

195 1229 240 1296 nt
261 1251 476 1314 quascumque
497 1250 585 1296 meos
606 1231 740 1314 inplicat
760 1252 804 1295 un
826 1251 845 1294 a
865 1229 969 1313 pedes,

27 1330 33 1343 ¹
152 1312 317 1378 Inmatura
338 1313 422 1397 lieet,
443 1317 553 1380 tomen
573 1313 636 1380 huc
657 1335 724 1380 non
745 1315 842 1379 noxia
862 1313 951 1378 veni:

195 1396 260 1462 Del
280 1400 370 1481 pater
390 1396 443 1463 hic
464 1398 594 1463 umbrae
615 1398 725 1463 mollia
746 1398 813 1462 iura
834 1417 931 1462 meae.

153 1480 221 1546 Aut
242 1481 340 1563 siquis
361 1481 467 1564 posita
487 1482 582 1547 iudex
604 1482 692 1547 sedet
712 1483 837 1547 Aeacus
859 1502 949 1562 urna,

104 1578 138 1626 20
194 1563 226 1628 Is
247 1583 319 1627 mee
345 1563 458 1628 sortita
478 1564 617 1629 vindicet
638 1585 711 1630 osse
730 1565 812 1648 pila:

151 1645 328 1712 Adsideant
349 1646 462 1711 fratres
484 1646 573 1712 iuxta
595 1651 627 1711 et
647 1647 790 1711 Minoide
811 1649 923 1712 sellam

193 1729 406 1794 Eumenidum
427 1730 550 1794 intento
572 1730 667 1794 turba
680 1750 788 1794 severa
809 1731 889 1795 loro.

153 1813 203 1879 Sis
247 1813 302 1896 he,
324 1813 409 1877 mole
430 1834 534 1896 vaces,
556 1815 683 1878 taceant
703 1812 823 1877 Ixionis
846 1813 947 1896 orbes,

195 1835 306 1962 11111111
328 1895 481 1961 Tantaleo
504 1897 660 1982 corripere
682 1919 735 1962 ore
756 1898 870 1981 liquor,

104 1993 139 2045 25
153 1979 309 2047 Cerberus
331 1984 364 2046 et
384 1981 487 2046 nullas
509 1981 604 2047 bodie
625 1984 716 2066 petat
736 1981 889 2065 inprobus
909 1981 1047 2064 umbras,

194 2065 239 2130 Et
260 2066 361 2131 iaceat
381 2065 480 2131 tacita
500 2066 589 2150 lapsa
611 2070 723 2130 catena
744 2087 823 2131 sera.

152 2147 227 2233 Ipsa
248 2150 359 2234 loquar
379 2170 438 2233 pro
459 2171 524 2214 me:
547 2152 574 2213 si
595 2149 684 2232 fallo,
705 2170 809 2232 poena
830 2170 974 2214 sororum

194 2232 310 2298 Infelix
331 2254 456 2298 umeros
478 2236 591 2318 urgeat
611 2255 692 2297 urna
711 2253 809 2298 meos.

153 2315 239 2383 Sicui
261 2316 346 2381 fama
366 2317 428 2382 fuit
446 2338 503 2401 per
524 2317 609 2381 avita
629 2320 759 2400 tropaea
781 2318 895 2399 decori,

104 2413 138 2462 eo
193 2401 274 2466 Afra
294 2400 509 2467 Numantinos
530 2421 630 2484 regna
651 2401 824 2484 loquuntur
846 2422 935 2465 avos:

92 2530 95 2535 ,
151 2485 264 2550 Altera
284 2488 445 2550 maternos
460 2488 613 2567 exaequat
633 2485 727 2548 turba
747 2483 895 2567 Libones,

194 2568 238 2633 nt
257 2569 368 2633 domus
391 2572 440 2633 est
460 2567 561 2632 titulis
582 2569 715 2651 utraque
736 2568 816 2633 fulta
838 2569 912 2632 suis.

152 2651 239 2735 Mox,
260 2653 316 2717 ubi
337 2653 402 2717 iam
423 2651 546 2717 facibus
568 2651 664 2715 cessit
684 2655 847 2735 praetexta
867 2653 1005 2734 maritis,

194 2736 308 2801 vinxit
329 2739 360 2800 et
381 2738 560 2819 'saooeptas
575 2734 674 2799 altera
694 2735 775 2800 vitta
796 2757 914 2819 comas,

104 2829 137 2880 ab
150 2817 279 2903 qugor,
302 2818 421 2901 Paullo,
442 2821 499 2882 tuo
515 2819 560 2883 sic
582 2818 759 2883 discessura
781 2819 894 2883 cubili:

194 2901 234 2966 ln
253 2902 359 2986 lapide
379 2901 453 2966 huic
475 2902 532 2968 uni
552 2904 654 2986 nupta
675 2901 773 2966 fuisse
794 2901 893 2986 legar.

152 2986 266 3051 Testor
287 2986 444 3050 maiorum
466 2986 587 3050 eineres
608 2985 679 3069 tibi,
700 2985 819 3069 Roma,
840 2987 1004 3072 verendos,

193 3070 259 3136 Sub
281 3091 414 3154 quorum
435 3070 552 3153 titulis,
574 3069 699 3152 Africa,
720 3071 815 3136 tonsa
836 3070 929 3154 iaces,

151 3154 227 3235 1Ε1
246 3154 366 3219 Persen
386 3153 497 3237 proavi
518 3153 721 3218 simulantem
764 3158 852 3221 ectus
872 3156 1004 3222 Achillis

103 3249 138 3299 40
184 3238 349 3328 Ι1111111111
371 3241 442 3302 tues
463 3258 599 3322 proavus
620 3237 720 3324 fregit
740 3176 867 3304 lchille
889 3240 1011 3322 domos,

152 3321 205 3384 Me
226 3343 328 3406 nsque
351 3342 501 3388 censurae
522 3322 628 3408 legem
649 3322 790 3388 mollisse
811 3343 872 3388 nec
891 3323 957 3387 ulla

193 3404 277 3470 Labe
299 3427 372 3473 mea
392 3409 521 3471 nostros
543 3407 705 3473 erubuisse
727 3407 827 3473 focos.

152 3487 228 3553 Non
249 3489 311 3554 fuit
332 3491 452 3558 exuviis
478 3492 577 3559 tentis
599 3491 745 3560 Cornelia
766 3492 935 3581 1111111111Ι
