2302 3922
86 205 224 277 xxvxi]
475 203 583 259 LlssuR
604 203 652 258 111.

131 365 165 430 ‘I
186 387 271 430 nunc
294 368 326 429 et
346 367 457 429 noctes
479 364 565 429 disce
588 385 715 429 manere
737 364 845 430 domi!

88 451 184 514 Mane
206 453 288 533 erat,
311 452 343 512 et
364 449 465 531 volui,
488 449 516 511 si
537 449 606 512 sola
628 449 802 532 quiesceret
822 449 896 533 illa,

131 533 257 597 Visere:
281 536 314 597 et
334 532 368 595 in
389 533 472 596 10010
496 531 635 614 Cynthia
657 532 726 596 0013
746 533 818 597 fuit.

89 617 263 700 Obstupui:
285 637 352 680 non
373 616 429 679 1113
450 615 530 679 mihi
551 615 721 680 formosior
741 637 890 699 umquam
1016 625 1050 677 25

131 700 226 782 Visa,
249 721 352 782 neque
374 699 495 763 ostrina
517 719 588 763 cum
609 699 672 763 fuit
693 699 727 762 in
749 701 872 781 tunica,

89 784 164 849 Ibat
185 788 217 847 et
237 783 312 847 hinc
335 786 440 847 castae
461 786 624 846 narratum
646 783 770 846 somnia
790 782 921 865 Vestae,

133 867 207 932 Neu
228 867 290 930 sibi
312 887 391 930 neve
412 866 492 930 mihi
509 888 589 950 quae
609 867 755 930 nocitura
776 866 896 930 forent:

89 951 177 1015 Talis
199 951 267 1014 visa
288 949 369 1012 mihi
390 972 502 1014 somno
525 951 655 1014 dimissa
675 951 805 1014 recenti.

133 1035 185 1099 En
207 1037 361 1118 quantum
382 1056 439 1116 per
461 1056 494 1098 00
517 1034 650 1098 candida
670 1034 774 1097 forma
794 1033 893 1097 valet!
1017 1045 1051 1096 30

91 1119 180 1194 ‘Quo
202 1121 238 1182 tu
257 1117 447 1182 matutinus'
470 1118 516 1181 ait
538 1117 737 1200 ‘speculator
759 1116 899 1182 amicae?

134 1202 187 1266 Me
209 1202 346 1267 similem
366 1201 479 1266 vestris
501 1201 643 1264 moribus
666 1223 734 1266 esse
755 1200 871 1285 putas?

91 1285 168 1351 Non
190 1308 250 1371 ego
272 1289 339 1349 tam
359 1285 478 1349 facilis:
501 1287 551 1348 sat
572 1284 632 1347 erit
652 1284 732 1349 mihi
754 1284 901 1370 cognitus
923 1305 1019 1367 unus,

134 1369 196 1433 Vel
217 1373 252 1433 tu
273 1369 324 1432 vel
346 1368 444 1452 siquis
465 1368 570 1433 verior
592 1389 660 1432 0000
681 1372 796 1452 001001.

94 1454 262 1536 Apparent
282 1473 350 1516 non
370 1453 436 1516 ulla
456 1455 526 1517 toro
548 1452 682 1537 vestigia
702 1473 829 1536 presse,
1018 1463 1053 1515 35

136 1536 236 1622 Signa
257 1537 445 1621 voluptatis,
469 1557 529 1601 nec
550 1536 682 1601 iacuisse
705 1536 793 1601 duos.

92 1621 139 1683 As
163 1622 227 1703 ice,
250 1624 286 1685 ut
307 1621 341 1684 in
363 1624 431 1684 toto
453 1621 560 1685 nullus
581 1619 661 1684 mihi
683 1641 815 1705 corpore
836 1624 947 1706 surgat

136 1644 272 1789 §pintus
296 1703 433 1768 admisso
453 1707 548 1769 notus
570 1704 747 1770 adulterio?

95 1787 200 1871 Dixit,
224 1792 256 1853 et
277 1789 425 1872 opposita
445 1789 626 1872 propellens
649 1789 735 1853 savia
755 1789 866 1854 dextra

137 1873 269 1937 Prosilit
290 1874 325 1935 in
346 1872 417 1935 laxa
437 1873 513 1936 nixa
533 1872 646 1955 pedem
667 1872 762 1937 solea.
1019 1884 1054 1935 40
1112 1888 1115 1895 ·

92 1957 147 2024 Sic
170 1958 318 2040 egotam
340 1956 442 2020 sancti
464 1955 587 2021 custodi
609 1956 758 2020 excludor
779 1956 911 2023 amorisr

135 2039 186 2105 Ex
207 2040 263 2103 illo
285 2038 364 2104 felix
384 2061 450 2104 nox
471 2039 551 2103 mihi
571 2039 661 2103 nulla
681 2041 751 2105 fuit

411 2253 567 2326 xxviii
595 2253 734 2346 [xxx]⁸

93 2376 164 2452 Quo
185 2375 220 2439 fu
244 2376 271 2439 is
291 2397 311 2439 a
330 2376 483 2441 demens?
505 2376 625 2440 nullast
645 2375 737 2461 fuga:
759 2378 795 2440 tu
816 2375 892 2441 licet
912 2396 1012 2460 usque

137 2459 188 2522 Ad
239 2460 335 2523 anain
355 2460 477 2545 fugias,
499 2481 598 2543 usque
621 2463 768 2543 sequetur
789 2459 900 2526 Amor.

92 2542 170 2608 Non
193 2543 220 2606 si
241 2543 381 2627 Pegaseo
403 2544 536 2608 vecteris
558 2545 592 2607 in
615 2564 685 2608 aere
707 2543 816 2627 dorse,

137 2625 206 2691 Nec
228 2626 287 2690 tibi
309 2627 337 2690 si
358 2626 466 2691 Persei
487 2627 623 2691 moverit
644 2628 694 2691 ala
714 2627 825 2710 pedes,

93 2709 155 2775 Vel
178 2710 205 2773 si
226 2713 259 2773 te
281 2713 384 2775 sectae
405 2711 532 2795 rapiant
552 2711 704 2774 talaribus
727 2732 835 2794 aurae,
1037 2726 1054 2775 o

136 2792 193 2858 Nil
214 2793 277 2857 tibi
296 2793 446 2860 Mercurii
466 2794 609 2879 proderit
630 2795 696 2858 3113
716 2795 776 2859 via.

94 2877 199 2942 instat
220 2899 344 2963 semper
365 2879 467 2943 Amor
489 2900 584 2962 supra
606 2882 714 2963 caput,
737 2879 836 2945 instat
857 2881 992 2962 amanti,

137 2960 181 3025 Et
202 2963 308 3044 gravis
330 2963 399 3046 ipse
420 2984 514 3046 super
536 2962 635 3027 libera
657 2962 739 3027 00113
761 2963 858 3028 sedet.

94 3043 242 3111 Excubat
262 3045 316 3108 1110
339 3067 411 3111 acer
433 3050 539 3111 custos
562 3050 594 3111 et
614 3044 727 3111 tollere
748 3067 921 3129 numquam

137 3128 182 3192 Te
203 3129 342 3211 patietur
361 3128 459 3194 humo
482 3131 603 3194 lumina
625 3134 719 3213 03013
740 3129 846 3193 semel.
1022 3142 1056 3192 10

94 3211 154 3293 Ε1,
176 3212 241 3275 iam
263 3213 289 3276 01
312 3234 434 3297 000000,
456 3213 533 3278 deus
555 3214 723 3279 exorabilis
746 3212 846 3295 illest,

138 3295 173 3360 Si
193 3295 289 3361 modo
312 3298 495 3380 praesentes
516 3297 632 3361 viderit
653 3317 721 3360 esse
764 3316 861 3361 rocos.

95 3378 162 3443 Ista
184 3401 276 3443 senes
298 3380 373 3445 licet
395 3384 544 3445 accusent
565 3379 711 3445 convivia
754 3379 816 3443 uri:

137 3462 206 3529 Nos
227 3463 323 3528 modo
345 3464 560 3548 propositum,
584 3464 664 3546 vita,
685 3467 825 3529 teramus
846 3463 916 3530 iter.
