2302 3922
304 191 495 299 carnum
519 191 653 253 caan.
674 204 840 258 loo—103.
1030 179 1070 260 ri

555 369 593 434 Ο.

159 457 287 550 Caelius
307 490 482 552 Aufilenum
503 499 535 551 et
555 493 696 569 Quintius
716 491 888 554 Aufilenam

197 574 272 634 Flos
293 575 508 637 Veronensum
530 576 704 657 depereunt
720 579 879 654 iuvenum,

156 658 216 717 Hic
227 659 366 737 fratrem,
377 657 434 718 ille
449 678 596 721 sororem.
611 661 671 719 hoc
687 667 744 738 est,
760 659 844 740 quod
854 660 977 739 dieitur,
992 657 1071 720 illud

198 742 383 802 Fraternum
402 761 475 802 vere
497 742 587 804 dulce
609 741 795 804 sodalitium.

121 836 137 887 5
160 826 217 884 cai
239 826 355 885 faveam
375 827 501 906 potius?
523 827 629 904 Caeli,
650 828 723 886 tibi:
745 847 815 887 nam
835 836 888 889 tua
906 830 995 888 nohis

200 910 381 970 *Perfecta
402 912 534 988 exigitur
556 912 645 971 unica
667 911 816 987 amicitia,

158 980 235 1053 Cum
255 1013 366 1053 vesana
387 1012 470 1053 meas
492 1000 632 1055 torreret
652 994 772 1055 flamma
791 993 952 1058 medullas.

203 1076 251 1135 Sis
272 1076 363 1153 felix,
385 1075 489 1154 Caeli,
509 1080 551 1138 sis
570 1081 604 1138 in
626 1095 729 1137 amore
747 1085 869 1158 potens.

545 1261 611 1349 or.x

162 1371 281 1469 lllultas
301 1425 360 1485 per
380 1411 488 1484 gentes
510 1411 543 1464 et
562 1401 659 1464 multa
678 1423 736 1484 per
755 1423 888 1484 aequora
908 1413 1013 1466 vectus

201 1488 339 1550 Advenio
361 1491 416 1549 has
436 1490 582 1565 miseras,
602 1488 720 1566 frater,
741 1487 779 1548 ad
797 1489 941 1568 inferias,

160 1574 202 1633 Ut
223 1581 255 1632 te
277 1579 433 1654 postremo
455 1572 601 1632 donarem
621 1591 748 1632 munere
770 1575 879 1633 mortis

201 1658 242 1717 nt
262 1663 375 1716 mutam
393 1659 597 1735 nequicquam
618 1655 794 1735 alloquerer
815 1659 966 1735 cinerem,

124 1751 140 1801 5
162 1740 414 1819 Quandoquidem
435 1742 559 1801 fortuna
578 1741 653 1799 mihi
673 1747 739 1800 tete
761 1739 886 1801 abstulit
905 1742 1020 1822 ipsum,

200 1826 271 1884 Heu
291 1822 385 1884 miser
406 1823 531 1902 indigne
552 1823 651 1883 frater
673 1822 816 1903 adempte
837 1825 922 1884 mihi.

160 1908 247 1967 Nune
260 1915 362 1967 tamen
376 1909 410 1966 in
423 1915 509 1967 terra
521 1909 579 1967 hac
596 1909 699 1986 prisco
720 1927 798 1986 quae
812 1926 898 1968 more
913 1914 1073 1988 parentum

204 1990 333 2050 Tradita
354 1997 425 2050 sunt
444 1991 543 2049 tristis
565 2009 691 2049 munera
712 1990 750 2050 ad
770 1991 915 2069 inferias,

161 2075 276 2153 Accipe
298 2075 436 2133 fraterno
457 2071 586 2132 multum
604 2075 756 2135 manantia
776 2075 869 2150 fletu,

108 2168 142 2219 10
205 2159 306 2236 Atque
327 2159 360 2217 in
380 2163 578 2236 perpetuum,
599 2155 713 2233 frater,
736 2175 790 2216 ave
812 2162 903 2235 atque
924 2156 1001 2217 vale.
1059 2178 1062 2185 ’

541 2361 615 2428 011.

165 2454 204 2548 Si
226 2488 385 2566 quiequam
402 2486 496 2545 tacito
519 2486 710 2545 commissum
733 2492 781 2547 est
801 2484 864 2545 fido
885 2486 922 2544 ab
945 2486 1059 2562 amico,

205 2572 298 2633 Cuius
318 2572 359 2629 sit
374 2571 496 2650 penitus
517 2576 591 2628 nota
610 2567 689 2628 fides
710 2571 817 2648 animi,

164 2656 279 2734 Meque
302 2672 371 2713 esse
391 2654 530 2713 invenies
549 2651 704 2712 illorum
694 2670 762 2713 aure
784 2644 951 2731 sacratum,

207 2677 351 2815 clamen,
360 2745 404 2797 et
424 2736 538 2797 fartum
558 2755 607 2795 me
630 2755 698 2834 esse
718 2745 792 2818 puta
812 2738 1044 2818 Harpocratem.

534 2955 625 3021 0111.

169 3046 235 3138 Aut
255 3078 345 3138 sodes
362 3075 437 3135 mihi
458 3072 556 3134 redde
578 3073 686 3134 decem
706 3074 867 3150 sestertia,
890 3073 972 3150 silo,

207 3160 326 3221 Deinde
350 3165 417 3220 esto
441 3159 576 3237 quamvis
598 3177 703 3217 saevus
725 3165 758 3216 et
777 3155 958 3216 indomitus.

166 3248 243 3323 Aut,
265 3248 292 3304 si
311 3251 344 3303 te
363 3243 477 3302 nummi
497 3239 667 3316 delectant,
688 3240 794 3300 desine
814 3257 926 3318 quaeso

208 3329 292 3389 Leno
316 3344 384 3387 esse
406 3333 498 3405 atque
519 3324 603 3384 idem
623 3342 729 3384 saevus
751 3332 784 3385 et
804 3322 979 3382 indomitus.
