2302 3922
126 203 170 268 50
536 208 680 263 'HBVLLI
1059 208 1099 282 [1.

191 371 284 436 Solus
306 374 440 454 utroque
461 370 546 434 idem
568 370 681 434 diceris
703 390 839 456 magnus
860 370 896 434 in
917 370 1005 436 orbe.

232 455 309 519 Non
330 476 390 540 ego
412 477 482 518 sum
504 455 580 518 satis
603 454 643 517 ad
664 458 772 518 tantae
786 455 956 538 praeconia
977 454 1097 541 laudis,

191 538 264 685 gne
285 538 365 602 mihi
387 559 454 602 non
476 539 504 601 si
524 538 721 621 praescribat
742 540 882 602 carmina
903 538 1065 603 Phoebus.

222 626 252 686 st
271 623 345 705 tibi,
368 623 422 706 qui
443 623 545 705 possit
565 625 692 707 magnis
714 644 748 686 se
770 624 860 685 accin
884 643 936 685 ere
957 622 1071 707 rebus,

129 719 179 767 180
189 706 339 790 Valgius:
362 710 489 770 aeterno
511 709 642 790 propior
663 727 730 770 non
751 707 831 769 alter
886 726 1005 770 omero.

191 790 358 874 Languida
378 812 446 854 non
466 794 576 854 noster
592 791 717 874 peragit
736 790 827 854 labor
841 790 922 870 otia,
944 791 1097 886 quamvis

190 873 347 954 Fortuna,
370 878 406 938 ut
427 895 496 938 mos
519 878 567 938 est
588 874 651 956 illi,
674 895 724 937 me
747 873 877 936 adversa
898 874 1024 959 fatiget

190 957 275 1022 Nam
288 958 382 1041 mihi,
398 980 471 1023 cum
485 958 609 1042 magnis
624 957 737 1040 opibus
754 956 865 1020 domus
883 957 948 1021 alta
961 958 1096 1043 niteret,

191 1040 251 1106 Oui
272 1043 398 1107 fuerant
418 1042 491 1105 flavi
513 1042 651 1106 ditantes
673 1040 783 1104 ordine
806 1041 886 1105 sulci

128 1138 177 1187 185
189 1125 313 1191 Horrea
332 1126 484 1191 fecundas
506 1126 546 1190 ad
567 1125 746 1189 deficientia
766 1146 900 1209 messes,

192 1210 313 1295 Cuique
334 1233 431 1294 pecus
454 1211 552 1274 denso
574 1209 749 1293 pascebant
770 1212 897 1294 agmine
920 1210 1018 1274 colles

191 1295 250 1378 (Et
271 1296 400 1358 domino
423 1295 501 1357 satis
524 1297 556 1357 et
576 1295 710 1358 nimium
731 1294 855 1377 furique
876 1293 1046 1379 lupoque),

191 1378 286 1441 Nunc
309 1376 498 1441 desiderium
516 1381 678 1460 ¹superest:
703 1399 778 1441 nam
800 1398 875 1441 cura
896 1380 1045 1461 novatur,

191 1460 272 1526 Cum
298 1481 420 1524 memor
447 1464 520 1524 ante
547 1463 635 1524 actos
662 1481 787 1544 semper
821 1461 912 1525 dolor
938 1460 1095 1527 admonet

733 1566 843 1608 annos.

128 1643 177 1690 190
188 1629 250 1694 Sed
272 1630 348 1693 licet
370 1629 530 1713 asperiora
551 1627 667 1691 cadant
688 1628 867 1713 spolierque
888 1629 1023 1711 relictis,

189 1713 266 1778 Non
286 1717 318 1776 te
341 1713 489 1777 deficient
509 1716 637 1775 nostrae
659 1733 834 1777 memorare
856 1711 1023 1778 Camenae.

190 1797 260 1861 Nec
282 1798 386 1861 solum
406 1797 466 1859 tibi
488 1795 585 1860 Pierii
605 1795 784 1861 tribuentur
804 1795 960 1861 honores:

188 1881 251 1945 Pro
272 1884 305 1945 te
326 1882 377 1945 vel
398 1879 524 1943 rabidas
546 1879 647 1943 ausim
668 1880 764 1944 maris
786 1881 831 1945 ire
853 1902 910 1965 per
930 1880 1052 1965 undas,

189 1965 340 2030 Adversis
362 1965 495 2029 hiberna
516 1964 592 2029 lieet
612 1968 756 2029 tumeant
776 1965 858 2029 freta
878 1965 999 2048 ventis,

128 2061 176 2110 195
187 2048 250 2113 Pro
271 2053 304 2113 te
325 2050 376 2113 vel
398 2048 504 2112 densis
527 2049 612 2113 solus
635 2051 806 2113 subsistere
827 2049 940 2113 turmis

189 2132 250 2197 Vel
271 2154 408 2217 pronum
422 2134 583 2197 Aetnaeae
599 2155 713 2217 corpus
729 2133 917 2198 conmittere
930 2133 1087 2199 flammae

190 2216 267 2282 Sum
290 2216 524 2301 quodcumque,
545 2221 675 2282 tuumst.
706 2217 809 2282 nostri
826 2217 854 2280 si
867 2218 999 2299 parvola
1013 2239 1093 2283 cura

189 2300 321 2384 81111111,
344 2305 462 2384 quanta
476 2302 564 2384 libet,
588 2302 616 2365 si
631 2303 673 2365 sit
687 2301 792 2383 modo,
814 2321 881 2364 non
895 2300 974 2364 mihi
988 2323 1092 2386 regna

188 2385 302 2469 Lydia,
325 2406 392 2449 non
412 2386 522 2469 magni
543 2386 651 2468 potior
673 2387 715 2448 sit
736 2385 822 2448 fama
844 2383 991 2466 Gylippi,

125 2481 177 2529 ‘200
186 2468 285 2534 Posse
306 2468 458 2533 Meleteas
480 2489 540 2532 nec
560 2469 688 2532 mallem
709 2469 835 2532 vincere
859 2467 994 2531 chartas.

191 2552 283 2628 Quod
304 2553 364 2617 tibi
386 2554 414 2616 si
435 2574 544 2623 versus
565 2556 689 2632 noster,
711 2556 836 2616 totusue
858 2552 1020 2636 minusve,

188 2636 249 2700 Vel
270 2638 351 2701 bene
373 2639 415 2700 sit
436 2640 546 2719 notuS,
569 2658 692 2701 summo
714 2638 765 2700 vel
786 2635 951 2699 inhaereat
972 2656 1043 2720 ore,

188 2720 287 2785 Nulla
307 2721 386 2784 mihi
408 2724 549 2785 statuent
569 2720 665 2783 finem
686 2723 718 2784 te
740 2722 807 2783 fata
828 2719 972 2783 canendi.

190 2804 273 2879 Quin
295 2806 390 2868 etiam
412 2827 483 2868 mea
504 2826 576 2868 cum
596 2804 736 2868 tumulus
759 2804 934 2868 contexerit
956 2825 1044 2886 ossa,

125 2901 175 2950 205
188 2887 251 2952 Seu
271 2891 395 2952 matura
416 2888 483 2952 dies
506 2889 639 2952 celerem
663 2890 813 2970 properat
833 2885 913 2950 mihi
934 2891 1090 2971 mortem,

188 2971 302 3057 Longa
322 2975 432 3036 manet
453 2993 509 3036 seu
529 2972 608 3054 vita,
630 2975 752 3053 tamen,
774 2974 896 3035 mutata
916 2972 1019 3057 figura

190 3057 253 3121 Seu
273 3078 325 3120 me
346 3057 448 3141 finget
470 3077 585 3139 equum
607 3054 728 3140 rigidos
749 3076 932 3137 percurrere
958 3078 1088 3140 campos

189 3139 329 3206 Doctum
351 3163 408 3206 seu
428 3141 511 3205 tardi
533 3139 657 3223 pecoris
680 3139 741 3202 sim
761 3139 865 3224 gloria
884 3144 994 3203 taurus

190 3223 264 3289 Sive
287 3248 347 3312 ego
368 3248 426 3310 per
440 3226 464 3289 li
486 3225 594 3288 uidum
609 3223 746 3286 volucris
761 3223 857 3287 vehar
871 3246 944 3288 aera
955 3225 1088 3321 pennis,

125 3320 176 3371 210
187 3308 455 3394 Quandocumque
466 3247 631 3373 iiominem
646 3328 697 3371 me
712 3308 809 3393 longa
823 3311 979 3392 recepent
989 3310 1089 3391 aetas,

188 3391 329 3477 inceptis
352 3395 391 3459 de
412 3398 445 3459 te
467 3394 632 3459 subtexam
655 3393 795 3456 earmina
816 3393 945 3458 chartis.

397 3710 481 3772 Ασ

476 3773 521 3912 „k
