2302 3922
100 204 186 274 ΧΠ]
487 206 595 261 LIBER
616 206 677 262 1111.
1021 200 1062 264 83

143 365 183 428 ln
204 387 255 430 me
276 372 456 432 mansuetas
478 389 545 431 non
565 367 663 431 habet
683 367 739 431 illa
759 388 882 431 manus.
1031 381 1063 429 10

100 449 169 514 Neo
184 453 291 514 tamen
307 455 355 515 est
365 453 545 535 quisquam,
562 472 667 515 sacros
680 451 733 534 qui
748 451 854 515 laedat
868 454 1025 517 amantes:

143 532 284 598 Scironis
306 536 410 599 media
432 536 478 599 sic
498 535 574 598 licet
595 536 640 598 ire
662 535 722 599 via.

100 616 249 700 Quisquis
273 622 396 683 amator
418 620 494 701 erit,
516 617 672 702 Scythicis
694 617 770 682 licet
792 619 933 683 ambulet
954 619 1033 683 orisz

141 701 246 766 Nemo
270 702 363 786 adeo,
385 706 422 766 ut
442 704 574 784 noceat,
596 702 748 765 barbarus
771 723 840 766 esse
861 703 955 766 volet.

99 785 190 849 Luna
210 786 371 851 ministrat
392 787 467 870 iter,
490 786 711 851 demonstrant
732 789 817 849 astra
839 786 993 867 salebras,
1029 796 1060 847 16

141 867 215 951 Ipse
237 870 339 933 Amor
360 891 508 934 accensas
530 870 668 953 percutit
690 872 763 933 ante
785 870 887 952 faces,

100 950 200 1016 Saeva
222 974 337 1016 canum
358 954 461 1018 rabies
483 974 608 1017 morsus
631 953 745 1017 avertit
765 953 907 1017 hiantes:

142 1035 225 1100 Huic
246 1037 357 1121 generi
379 1039 490 1120 quovis
511 1041 654 1119 tempore
675 1039 746 1101 tuta
766 1037 857 1101 viast.

100 1118 262 1204 Sanguine
283 1124 350 1185 tam
370 1142 451 1203 puro
474 1121 544 1204 quis
566 1121 651 1184 enim
673 1123 841 1205 spargatur
863 1120 998 1184 amantis

141 1203 180 1266 In
203 1204 322 1268 robus?
346 1225 433 1285 ecce,
457 1205 522 1268 suis
543 1204 581 1267 fit
602 1224 707 1268 comes
729 1204 800 1287 ipsa
821 1203 940 1268 Venus.
1026 1216 1060 1266 20

99 1286 168 1360 Quo
213 1289 240 1351 si
263 1291 349 1352 certa
369 1309 457 1352 meos
480 1290 685 1370 sequerentur
706 1288 818 1352 funera
840 1309 945 1371 casus,

141 1370 228 1435 Talis
248 1393 334 1435 mors
354 1373 457 1455 pretio
479 1372 527 1436 vel
552 1372 594 1435 sit
615 1371 748 1435 emenda
768 1369 857 1436 mihi.

99 1453 234 1518 Adferet
253 1454 332 1519 haec
353 1459 517 1540 unguenta
537 1454 617 1519 mihi
639 1455 792 1538 sertisque
815 1455 1018 1538 sepulchrum

141 1537 276 1603 Ornabit
298 1541 404 1604 custos
426 1540 466 1603 ad
486 1560 558 1603 mea
578 1539 672 1603 busta
694 1539 816 1604 sedens.

97 1620 141 1685 Di
161 1621 298 1705 faciant,
320 1645 391 1687 mea
412 1645 453 1687 ne
474 1625 559 1687 terra
579 1623 663 1687 locet
685 1644 758 1687 ossa
779 1623 954 1707 frequenti,
1026 1634 1060 1685 at

140 1705 210 1781 Qua
231 1707 309 1771 facit
331 1707 462 1772 adsiduo
484 1707 612 1771 tramite
634 1707 746 1791 volgus
768 1706 840 1771 iter.

97 1788 177 1853 Post
197 1794 332 1855 mortem
354 1791 470 1856 tumuli
492 1792 538 1857 sic
559 1791 754 1855 infamantur
776 1793 953 1854 amantum:

140 1873 193 1937 Me
215 1877 305 1958 tegat
327 1876 460 1938 arborea
481 1874 572 1937 devia
593 1878 678 1937 terra
699 1895 804 1955 coma,

95 1957 163 2021 Aut
183 1956 296 2020 humer
316 1957 446 2041 ignotae
468 1957 602 2020 cumulis
624 1957 758 2020 vallatus
780 1955 933 2022 harenae:

138 2037 214 2104 Non
235 2040 323 2104 iuvat
344 2040 378 2104 in
399 2039 505 2104 media
525 2061 644 2104 nomen
664 2039 780 2104 habere
800 2041 862 2105 via.
1025 2052 1059 2102 oo

449 2252 534 2325 xvi
556 2248 704 2354 [xum.

94 2374 204 2458 Nunc,
228 2396 246 2439 o
268 2374 415 2458 Bacche,
439 2375 503 2438 tuis
525 2375 659 2440 humiles
682 2374 880 2439 advolvimur
902 2374 980 2440 aris:

136 2457 187 2523 Da
208 2459 287 2524 mihi
308 2461 423 2543 pacato
446 2459 517 2522 vela
539 2460 690 2543 secunda,
712 2462 814 2542 pater.

94 2541 143 2606 Tu
165 2544 256 2625 potes
278 2543 410 2606 insanae
432 2538 566 2607 Veneris
589 2563 779 2627 conpescere
799 2543 916 2626 fastus,

137 2622 353 2709 Ourarumque
374 2629 431 2690 tuo
453 2624 491 2689 fit
511 2626 669 2691 medicina
690 2647 789 2690 mero.

93 2708 155 2772 Per
175 2711 207 2772 te
228 2709 419 2794 iunguntur,
442 2731 499 2793 per
519 2714 552 2773 te
574 2711 741 2774 solvuntur
764 2714 921 2775 amantes:
1039 2721 1056 2773 t

135 2791 183 2855 Tu
204 2793 317 2868 uitium
339 2815 377 2858 ex
399 2795 506 2858 animo
529 2792 629 2876 dilue,
650 2794 792 2876 Bacche,
814 2815 895 2859 meo.

93 2874 138 2939 Te
161 2897 286 2959 quoque
308 2879 393 2942 enim
413 2899 482 2942 non
503 2899 572 2942 esse
593 2878 704 2941 rudem
720 2881 855 2942 testatur
869 2879 904 2942 in
919 2879 1012 2943 astris

135 2958 295 3040 Lynoibus
317 2960 357 3024 ad
379 2963 501 3026 caelum
523 2964 613 3026 vecta
634 2961 776 3025 Ariadna
797 2963 870 3026 tuis.

93 3041 165 3104 Hoc
187 3041 281 3125 mihi,
304 3044 388 3125 quod
410 3050 531 3109 veteres
555 3045 693 3110 custodit
713 3046 749 3109 in
771 3045 895 3108 ossibus
916 3045 1025 3130 ignes,

135 3124 260 3189 Funera
282 3127 439 3190 sanabunt
460 3132 514 3192 aut
535 3134 591 3193 tua
613 3131 686 3193 vina
707 3129 836 3192 malum.
1022 3142 1054 3190 10

93 3209 224 3293 Semper
248 3209 333 3273 enim
353 3230 469 3275 vacuos
490 3232 556 3276 nox
578 3213 684 3276 sobria
704 3212 833 3293 torquet
854 3214 1010 3294 amantes,

135 3292 276 3378 Spesque
291 3294 449 3376 timorque
466 3295 607 3360 animum
622 3298 729 3359 versat
743 3297 876 3376 utroque
890 3295 995 3358 modo.

93 3375 185 3450 Quod
207 3379 248 3458 si,
271 3375 409 3461 Bocche,
433 3379 497 3441 tuis
519 3400 576 3461 per
596 3378 718 3442 fervida
738 3381 883 3460 tempora
904 3378 997 3441 donis

133 3460 316 3524 Accersitus
339 3462 401 3525 erit
422 3482 552 3526 somnus
573 3462 608 3524 iu
630 3481 702 3526 ossa
722 3482 809 3545 mea,
1023 3474 1026 3480 '

865 3562 900 3616 6*
