2302 3922
92 199 203 271 ΧΧΙΠ.]
480 198 589 253 LIBER
610 199 671 254 1111.

93 360 209 426 Onmia
230 360 393 425 Romanae
416 361 530 426 cedent
550 361 701 425 miracula
721 362 840 424 terrae:

134 443 257 508 Natura
277 443 330 508 hio
351 445 472 528 posuit,
495 444 647 528 quidquid
668 443 784 526 ubique
805 443 874 508 fuit.
1002 486 1004 497 1

92 528 200 591 Armis
223 530 297 612 apta
317 527 420 612 magis
442 528 552 607 tellus,
575 549 670 610 quam
693 527 858 592 commoda
879 547 995 591 noxae:

134 610 280 694 Famam,
303 611 421 693 Roma,
443 615 516 675 tuae
537 632 604 675 non
626 611 724 695 pudet
744 610 905 675 historiae.
1020 622 1054 671 20

92 693 176 760 Nam
199 697 351 777 quantum
372 695 473 778 ferro,
495 698 621 758 tantum
642 695 761 778 pietate
785 697 932 778 potentes

136 777 276 842 Stamus:
298 778 443 843 victrices
465 781 622 863 temperat
642 780 691 841 ira
711 799 835 842 manus.

92 859 155 925 Hie
177 861 263 925 Anio
286 861 426 926 Tiburne
448 862 533 945 fluis,
557 860 737 927 Clitumnus
759 861 799 925 ab
820 860 942 925 Vmbro

134 944 289 1027 Tramite,
314 948 346 1009 et
367 948 530 1010 aeternum
552 945 689 1010 Marcius
711 966 803 1009 umor
825 965 920 1028 opus,

93 1029 237 1092 Albanus
259 1029 346 1093 lacus
370 1032 402 1093 et
423 1030 509 1093 socia
530 1028 736 1093 Nemorensis
759 1027 920 1110 abunda,
1020 1039 1053 1089 25

134 1111 277 1196 Potaque
298 1111 438 1177 Pollucis
459 1112 590 1196 lympha
612 1112 746 1177 salubris
769 1132 859 1194 equo.

93 1195 139 1259 At
160 1217 226 1260 non
248 1216 416 1278 squamoso
439 1197 588 1260 labuntur
609 1199 719 1260 ventre
742 1198 895 1278 cerastae,

135 1278 217 1343 Itala
237 1280 394 1363 portentis
416 1301 476 1344 neo
496 1280 567 1343 fluit
587 1279 672 1342 unda
692 1279 798 1361 novis,

93 1361 169 1426 Non
183 1362 236 1426 hie
250 1362 473 1427 Andromedae
487 1366 642 1427 resonant
654 1384 712 1446 pro
728 1365 831 1426 matre
846 1364 990 1444 catenae,

135 1445 205 1511 Nee
225 1446 336 1511 tremis
358 1447 532 1530 Ausonias,
555 1445 683 1511 Phoebe
704 1446 830 1531 fugate,
853 1446 966 1529 dapes,
1020 1456 1055 1505 30

93 1528 163 1595 Nec
186 1530 332 1614 cuiquam
354 1531 500 1596 absentes
524 1532 671 1594 arserunt
691 1530 726 1594 in
748 1533 843 1614 caput
863 1530 955 1614 ignes

135 1613 278 1678 Exitium
298 1617 375 1678 nato
397 1617 498 1678 matre
521 1616 668 1678 movente
690 1634 762 1697 suo,

93 1695 236 1763 Penthea
256 1719 323 1761 non
345 1719 456 1763 saevae
477 1700 633 1763 venantur
654 1698 688 1760 in
710 1697 821 1762 arbore
842 1694 1003 1780 Bacchae,

136 1780 205 1845 Nec
227 1782 324 1846 solvit
343 1781 470 1846 Danaas
493 1781 620 1846 subdita
642 1802 735 1845 cerva
755 1784 854 1863 rates,

96 1863 222 1928 Cornua
243 1886 303 1928 nee
324 1865 424 1928 valuit
446 1886 574 1929 curvare
596 1866 631 1927 in
652 1865 753 1946 pelice
774 1864 855 1928 Iuno
1021 1873 1055 1923 oe

136 1947 203 2010 Aut
223 1946 339 2010 faciem
360 1946 657 2068 turpi*dedeoorarc
679 1947 760 2068 1}ch
765 1995 774 2029 ,

94 2114 317 2196 Arboreasque
340 2134 447 2177 eruces
470 2078 611 2178 Sinis*et
631 2134 698 2176 non
718 2112 848 2196 hospita
871 2111 963 2178 Grais
988 2127 994 2136 '
1082 2106 1086 2111 ’

137 2197 220 2262 Saxa
241 2199 274 2260 et
295 2199 438 2261 curvatas
459 2196 494 2260 in
517 2218 573 2260 sua
593 2197 660 2260 fata
679 2197 796 2260 trabea.
1006 2200 1008 2207 '

94 2280 183 2345 Haec
210 2281 285 2359 tibi,
313 2279 418 2363 Tulle,
447 2302 577 2365 parens,
605 2280 684 2344 haec
712 2282 762 2344 est
787 2279 999 2364 pulcherrima

137 2447 200 2510 Hie
220 2447 281 2512 tibi
302 2468 360 2531 pro
384 2434 482 2544 digna
503 2451 599 2545 gente
620 2364 916 2594 {eteddddsiionoa
1022 2459 1057 2508 40

94 2531 158 2595 Hic
179 2531 238 2594 tibi
260 2530 299 2594 ad
322 2532 481 2613 eloquium
504 2553 603 2614 erres,
648 2531 679 2596 io
701 2532 807 2615 ampla
827 2534 980 2615 nepotum

137 2613 216 2697 Spes
239 2617 273 2677 et
293 2617 443 2679 ventanae
467 2615 612 2700 coniugis
634 2619 726 2699 aptus
749 2636 847 2680 amor.

511 2827 578 2900 XX
584 2828 644 2902 ΙΠ.

94 2948 140 3015 Er
164 2971 183 3013 o
205 2952 272 3013 tam
295 2950 406 3014 doctae
427 2951 521 3013 nobis
543 2950 664 3032 periere
685 2951 836 3033 tabellae,

139 2971 263 3117 §cripta
285 3033 398 3115 quibus
420 3034 539 3117 pariter
559 3036 611 3097 tot
630 3035 752 3119 periere
774 3034 868 3098 bona.

95 3117 163 3181 Has
185 3116 345 3199 quondam
366 3118 484 3181 nostris
506 3117 651 3182 manibus
674 3117 844 3182 detriverat
864 3137 955 3200 usus,

137 3200 199 3274 Qui
219 3220 286 3263 non
308 3199 449 3281 signatas
471 3201 564 3265 iussit
584 3200 700 3265 habere
721 3199 825 3264 fidem.

95 3284 174 3349 Illae
196 3283 260 3346 iam
281 3282 350 3346 sine
372 3303 423 3346 me
445 3286 562 3347 norant
581 3284 707 3367 placare
728 3283 851 3366 puellas
1037 3293 1056 3346 ὓ

137 3367 182 3430 Et
203 3366 356 3449 quaedam
378 3366 445 3430 sine
467 3387 518 3430 me
539 3367 635 3430 verba
657 3367 774 3430 diserta
795 3367 892 3450 loqui.
942 3406 950 3420 ·

94 3450 172 3516 Non
193 3450 264 3515 illas
285 3449 383 3514 fixum
406 3470 493 3513 caras
516 3449 662 3515 effecerat
683 3471 809 3516 aurum:
