2302 3922
106 204 150 271 46
517 208 661 267 TIBVLLI
1039 217 1076 275 [Ι.

169 372 254 437 Nam
287 393 476 455 quamquam
510 373 658 456 antiquae
689 374 795 521 gpntils
828 378 980 461 superant
1011 378 1074 443 tibi

726 480 765 521 au
788 480 822 523 es

169 538 247 604 Non
267 542 324 602 tua
344 539 500 603 maiorum
523 542 704 604 contentast
725 508 837 625 gloria,
849 542 951 627 fama,

120 635 155 685 30
168 622 238 687 Nec
259 623 384 705 quaeris
406 624 481 705 quid
497 645 619 706 quaque
637 625 732 687 index
747 626 805 689 sub
820 626 866 698 im
911 627 918 640 ’
943 627 1071 712 edicat,

170 705 233 771 Sed
253 707 381 791 generis
401 707 525 790 priscos
548 709 713 771 contendis
735 709 862 773 vincere
906 730 1040 795 onores,

171 790 273 866 Quam
294 790 355 855 tibi
376 791 512 855 maiores
534 792 635 854 maius
658 791 752 856 decus
775 793 844 876 ipse
865 793 998 859 futuris:

168 874 215 937 At
235 877 291 938 tua
311 895 379 938 non
399 875 511 939 titulus
535 876 639 957 capiet
660 876 718 939 sub
740 877 871 939 nomine
891 875 990 959 facta,

169 959 309 1022 Aeterno
332 958 387 1021 sed
409 961 502 1022 erunt
522 958 582 1022 tibi
604 980 721 1043 magna
741 960 905 1023 volumina
925 982 1035 1045 versu,

119 1054 152 1104 35
169 1040 430 1125 Convenientque
451 1046 522 1106 tuas
545 1043 651 1126 cupidi
673 1063 853 1126 conponere
874 1043 984 1108 laudes

169 1124 318 1209 Vndique
340 1127 456 1210 quique
475 1130 591 1191 canent
603 1127 711 1190 vincto
725 1126 806 1210 pede
821 1127 936 1209 quique
951 1128 1068 1195 solute.

169 1209 247 1285 Quis
268 1211 389 1294 potior,
413 1212 575 1274 certamen
597 1211 670 1273 erit:
694 1210 754 1274 sim
776 1210 933 1274 victorin
954 1211 1036 1295 illis,

167 1293 214 1357 Vt
234 1298 380 1358 nostrum
401 1294 501 1357 tantis
520 1293 693 1358 inscribam
715 1314 834 1357 nomen
854 1294 890 1357 in
910 1294 999 1359 actis.

210 1377 294 1441 Nam
316 1377 385 1459 quis
408 1380 439 1439 te
461 1377 582 1440 maiora
603 1378 688 1461 gerit
709 1377 859 1442 castrisue
880 1376 1016 1442 furore?
1110 1434 1113 1439 .

119 1473 152 1523 40
165 1460 235 1525 Nec
255 1463 364 1523 tamen
385 1458 459 1522 hinc
482 1463 537 1523 aut
563 1460 638 1525 hinc
663 1461 723 1524 tibi
751 1462 820 1524 laus
847 1461 987 1525 maiorve
1008 1463 1067 1526 mi·

710 1564 808 1608 norve

166 1626 255 1691 Iusta
275 1626 345 1709 pari
389 1627 521 1689 remitur
541 1627 641 1690 veluti
664 1647 736 1691 cum
757 1594 897 1710 pondere
918 1629 1017 1711 libra,

166 1710 274 1775 Prona
294 1730 354 1774 nec
398 1730 435 1772 ac
456 1711 527 1793 plus
542 1715 632 1792 parte
647 1710 736 1774 sedet
749 1732 809 1775 nec
823 1712 926 1796 surgit
941 1713 980 1776 ab
998 1713 1067 1796 illa,

167 1793 291 1877 Qualis,
313 1793 518 1876 inaequatum
540 1795 567 1857 si
589 1794 714 1877 quando
733 1816 812 1858 onus
826 1797 942 1880 urguet
955 1796 1090 1861 utrim·‚

731 1900 770 1942 ue

166 1961 332 2026 Instabilis
354 1964 445 2026 natat
465 1961 589 2027 alterno
612 1899 790 2046 capreisioi
813 1963 897 2027 orbe.

115 2058 150 2109 45
208 2046 294 2111 Nam
317 2067 371 2111 seu
394 2046 509 2110 diversi
530 2048 646 2110 fremat
666 2047 883 2111 inconstantia
904 2047 1011 2131 vulgi,

165 2129 241 2194 Non
263 2130 344 2193 alius
366 2130 475 2194 sedare
498 2134 607 2213 queat:
630 2152 685 2195 seu
705 2131 818 2195 iudicis
839 2130 887 2194 ira

166 2213 217 2278 Sit
237 2213 407 2298 placanda,
429 2213 493 2279 tuis
514 2215 634 2298 poterit
654 2215 821 2280 mitescere
842 2214 958 2278 verbis.

164 2296 242 2363 Non
262 2297 359 2381 Pylos
382 2302 437 2362 aut
457 2297 567 2362 Ithace
588 2301 695 2362 tantos
717 2298 866 2382 genuisse
887 2298 1034 2361 feruntur

165 2380 303 2446 Nestora
323 2382 375 2445 vel
395 2402 510 2465 parvae
531 2402 684 2465 magnum
706 2381 801 2444 decus
822 2380 910 2442 urbis
930 2379 1065 2464 Vlixen,

115 2477 149 2527 50
163 2464 289 2530 Vixerit
309 2466 363 2529 ille
386 2486 482 2529 senex
496 2465 653 2546 quamvis,
677 2464 752 2526 dum
773 2466 865 2526 terna
883 2481 940 2544 per
954 2463 1066 2530 orbem

166 2547 299 2613 Saecula
320 2548 477 2613 fertilibus
499 2548 596 2610 Titan
618 2546 797 2610 decurreret
817 2543 923 2627 horis,

164 2630 224 2695 Ille
246 2653 304 2715 per
324 2632 451 2715 ignotas
474 2630 575 2694 audax
597 2630 747 2694 erraverit
768 2628 876 2709 urbes,

164 2714 235 2790 Qua
256 2715 354 2777 maris
376 2715 524 2777 extremis
546 2714 640 2778 tellus
662 2711 834 2776 includitur
855 2711 959 2777 undis.

163 2797 249 2863 Nam
264 2796 481 2879 Ciconumque
501 2819 614 2861 manus
637 2796 775 2860 adversis
797 2797 937 2878 reppulit
958 2799 1064 2882 armis,

115 2896 148 2945 55
163 2881 232 2948 Nec
253 2882 356 2945 valuit
375 2880 460 2943 lotos
483 2901 538 2945 coe
561 2883 612 2944 tos
635 2883 775 2944 avertere
798 2901 922 2964 cursus,

165 2965 270 3031 Cessit
291 2968 324 3029 et
344 2963 505 3029 Aetnaeae
560 2964 708 3047 aptunius
730 2964 836 3027 incola
856 2965 944 3048 rupis

164 3049 261 3114 Victa
281 3048 435 3114 Maroneo
457 3047 603 3112 foedatus
626 3048 747 3112 lumina
769 3047 911 3112 Baccho:

164 3131 261 3198 Vexit
283 3136 316 3197 et
336 3132 467 3197 Aeolios
488 3131 649 3216 placidum
669 3154 728 3216 per
748 3132 854 3197 Nerea
874 3135 1003 3197 ventos:

164 3216 308 3282 Incultos
330 3217 410 3281 adiit
431 3215 664 3301 Laestrygonas
686 3216 965 3300 Antiphatenque,

115 3316 149 3365 60
162 3301 290 3366 Nobilis
313 3301 442 3365 Artacie
463 3300 569 3385 gelida
591 3322 669 3384 quos
691 3301 812 3385 inrigat
832 3301 932 3364 unda:

164 3386 274 3451 Solum
294 3407 355 3450 nec
377 3385 488 3449 doctae
509 3387 673 3450 verterunt
693 3386 809 3468 pocula
831 3384 955 3464 Circes,

164 3470 315 3546 Quamvis
337 3470 393 3534 illa
414 3469 498 3533 foret
520 3468 602 3533 Solis
625 3490 742 3555 genus,
765 3472 839 3552 apta
860 3468 910 3533 vel
933 3466 1040 3529 herbis

605 3717 701 3829 q.

696 3831 724 3902 u
