2302 3922
27 273 30 278 .
93 194 194 267 vnn]
514 194 622 250 11111
642 193 677 251 v.
995 188 1054 252 113

92 355 263 422 Femineae
284 356 356 423 loca
377 357 484 421 clausa
505 355 582 421 deae
604 355 771 438 fontesque
793 354 936 439 piandos,
1022 366 1054 415 aa

136 441 261 525 Inpune
282 442 316 506 et
336 440 433 505 nullis
456 459 547 504 sacra
566 440 687 504 retecta
708 438 793 503 viris.

92 524 197 591 Devia
218 525 372 622 puniceae
393 523 543 588 velabant
564 522 675 587 limina
696 523 808 607 vittae,

136 607 244 673 Putns
266 609 399 673 odorato
422 607 545 671 luxerat
566 607 642 692 igne
664 627 746 689 casa,

93 693 141 758 Po
165 692 237 757 ulus
259 695 293 756 et
313 691 420 776 longis
441 690 576 755 ornabat
595 689 762 755 frondibus
784 690 902 776 aedem,

31 852 35 859 ‚
172 776 301 859 ultaque
323 777 488 841 cantantes
510 773 623 838 umbra
644 773 774 921 tepebat
795 796 878 839 aves.

92 859 167 925 Huc
187 859 253 924 ruit
273 859 309 923 in
330 859 447 923 siccam
468 860 621 944 congesta
642 879 686 941 pu
698 879 771 923 vere
793 858 923 924 barbam

136 943 181 1009 Et
202 943 278 1008 iacit
299 942 479 1007 anteferes
502 943 597 1006 verba
618 943 741 1006 minora
762 941 837 1006 deo:

94 1028 318 1111 ε1711111111,
340 1047 359 1090 1
382 1026 445 1091 luci
467 1046 556 1090 sacro
579 1046 658 1110 quae
680 1025 790 1097 luditis
812 1028 913 1108 antro,

137 1110 272 1175 Pandite
294 1109 426 1175 defessis
448 1109 575 1192 hospita
596 1110 672 1173 fana
692 1109 777 1173 viris.

94 1192 208 1261 Fontis
231 1215 328 1279 egens
351 1214 420 1258 erro
443 1193 587 1276 circaque
609 1193 756 1257 sonantia
777 1190 925 1276 lymphis,
1024 1224 1029 1232 ·

137 1278 183 1343 Et
203 1299 280 1343 aava
300 1279 448 1361 suscepte
469 1277 600 1341 flumine
621 1276 728 1360 palme
748 1279 798 1340 sat
819 1278 875 1341 est.

95 1362 281 1427 Audistisnc
303 1362 451 1445 aliquem,
473 1363 564 1444 tergo
587 1361 641 1443 qui
662 1359 790 1423 sustulit
811 1359 942 1424 orbem?

138 1445 197 1511 Ille
219 1467 279 1531 ego
302 1468 387 1511 sum:
410 1443 546 1510 Alciden
568 1447 652 1508 terra
673 1446 800 1528 recepta
820 1445 922 1510 vocat.

99 1529 177 1605 Quis
198 1530 283 1594 faeta
304 1528 479 1593 Herculeae
500 1549 568 1593 non
582 1528 671 1592 audit
684 1528 782 1592 fortia
797 1529 903 1593 clavae

137 1613 183 1680 Et
201 1635 373 1697 numquam
395 1612 435 1677 ad
456 1615 561 1677 vastas
583 1613 673 1677 irrita
694 1613 758 1676 tela
778 1612 877 1695 feras,

100 1698 207 1782 Atque
229 1698 286 1762 uni
308 1696 435 1781 Stygias
449 1696 574 1762 homini
595 1696 711 1761 luxisse
731 1695 902 1761 tenebras?

140 1779 311 1878 [Accipitm
333 1781 410 1846 11111
424 1781 510 1846 fesso
525 1781 579 1845 vix
598 1780 678 1845 mihi
691 1783 777 1845 terra
790 1779 900 1867 patet]

97 1864 191 1947 Quid,
213 1865 378 1929 1111111111
400 1885 524 1929 sacrum
545 1864 691 1930 faceretis
714 1864 859 1928 amarae?

138 1946 214 2012 Non
236 1946 402 2011 clausisset
422 1968 519 2029 aquas
541 1948 611 2030 ipsa
631 1967 768 2011 noverea
790 1968 872 2010 suas.

97 2029 155 2094 Sin
177 2029 315 2112 aliquam
337 2030 501 2114 voltusque
523 2050 612 2094 meus
634 2032 800 2112 saetaeque
821 2030 923 2094 leonis

139 2113 274 2178 Terreni
295 2116 327 2178 et
347 2112 466 2197 Libyco
488 2114 556 2178 sole
576 2116 706 2196 perusta
727 2133 832 2198 coma,

96 2197 187 2262 Idem
209 2218 268 2282 ego
292 2196 423 2262 Sidonia
444 2197 507 2262 feei
528 2197 655 2262 servilia
675 2197 760 2281 palla

139 2281 254 2347 Officia
276 2284 308 2345 et
328 2280 418 2363 Lydo
439 2302 540 2365 pensa
561 2281 675 2346 diurna
697 2281 776 2365 1111,

97 2363 206 2429 Μ11111
228 2368 260 2429 et
279 2365 437 2428 hirsutum
459 2366 544 2449 cepit
564 2364 643 2429 mihi
664 2364 763 2430 fascia
783 2369 903 2451 pectus,

139 2447 183 2512 Fit
204 2448 351 2514 manibus
374 2448 459 2513 duris
481 2451 555 2532 apta
576 2448 683 2534 puella
702 2449 773 2514 fui?

97 2531 229 2596 Talibus
250 2531 390 2616 Alcides,
414 2536 448 2597 at
468 2533 585 2598 talibus
607 2533 691 2598 alma
712 2533 870 2618 sacerdos,

138 2614 278 2680 Pamiceo
301 2637 395 2681 canas
418 2617 553 2682 stamine
573 2618 680 2683 vincta
702 2637 822 2682 eomas:

98 2697 208 2764 ‘Parce
230 2699 340 2784 oeulis,
364 2698 497 2785 hospes,
520 2701 655 2784 lucoque
677 2701 811 2766 abscede
832 2702 985 2767 verende:

141 2781 225 2849 Oede
247 2784 383 2870 agedum
405 2787 438 2849 et
457 2787 529 2849 tuta
550 2784 661 2850 limina
682 2784 790 2869 linque
812 2786 898 2872 fuge.

97 2865 270 2933 Interdicta
291 2868 367 2933 viris
388 2868 558 2934 metuenda
578 2868 650 2954 lege
671 2870 786 2953 piatur,

139 2949 226 3025 Quae
248 2974 282 3018 se
304 2952 452 3017 submota
473 2952 614 3017 vindieat
634 2974 689 3017 ara
710 2975 790 3019 casa.

97 3033 217 3182 Μῖἓτιο
239 3035 377 3101 Τ1111111
399 3037 522 3120 aspexit
542 3036 673 3102 Pallada
693 3040 791 3120 vates,

167 3120 248 3182 ertia
270 3117 345 3182 dum
365 3121 471 3202 posita
493 3119 643 3206 Gorgona
664 3121 807 3186 membra
827 3121 921 3186 lavat.

96 3200 141 3266 Di
161 3202 222 3265 tibi
243 3201 320 3266 dent
341 3202 420 3268 alios
442 3203 564 3270 fontes:
586 3204 665 3269 haec
686 3204 816 3288 lympha
836 3206 950 3290 puellis

139 3285 221 3349 Avia
243 3285 356 3351 secreti
376 3287 488 3352 limitis
508 3309 573 3354 una
593 3288 686 3354 fluit!

98 3365 151 3433 Sic
173 3388 268 3433 anus:
290 3369 345 3434 ifle
366 3370 482 3436 umeris
503 3374 612 3456 postes
635 3373 796 3437 concussit
817 3394 944 3458 opacos,
1023 3391 1025 3395 ·

139 3450 172 3516 N
174 3471 210 3516 11
230 3453 306 3517 tulit
327 3453 440 3520 iratam
461 3454 555 3521 ianua
576 3455 682 3522 clausa
703 3456 799 3522 sitim.

148 3555 298 3597 Paommva.
889 3561 906 3612 8
