2302 3922
69 175 130 253 vr]
480 175 587 231 amaa
607 176 641 233 v.
972 168 1033 234 105

70 338 162 405 Serta
182 337 354 404 Philetaeis
376 340 499 403 certent
519 336 664 402 Romana
686 338 859 424 corymbis,

111 421 156 487 nt
177 421 355 506 Cyrenaeas
376 445 457 486 urna
478 422 638 486 ministret
659 443 765 505 aquas.

70 507 205 574 Costum
226 507 323 571 molle
345 506 419 572 date
441 509 474 570 et
494 506 604 570 blandi
629 504 709 570 mihi
729 506 810 570 turis
824 504 973 588 honores,
1015 515 1032 567 5

111 591 236 675 Terque
257 592 364 656 focum
386 591 470 655 circa
492 591 603 654 laneus
625 590 713 654 orbis
735 593 796 654 eat.

70 674 151 759 Spar
177 676 218 739 'te
240 696 291 739 me
313 674 462 758 lymphis,
485 695 674 757 carmenque
695 673 878 738 recentibus
900 673 963 736 aris

113 757 151 822 Ti
174 759 206 822 ia
227 758 411 843 Mygdoniis
434 759 513 823 libet
535 758 655 823 eburna
677 757 772 822 cadis.

70 842 118 908 Ito
141 843 252 926 procul
274 842 410 925 fraudes,
432 843 495 906 alio
518 843 584 906 sint
605 862 676 906 aere
698 862 815 905 noxae:

112 926 197 990 Pura
218 947 337 990 novum
357 928 423 990 vati
444 926 551 990 laurea
572 926 678 990 mollit
698 926 767 990 iter.
1002 936 1035 987 10

70 1010 173 1094 Musa,
194 1010 334 1076 Palatini
355 1010 528 1075 referemus
549 1010 712 1094 Apollinis
734 1009 860 1073 aedem:

113 1094 176 1159 Res
199 1098 257 1177 est,
280 1093 434 1178 Calliope,
456 1094 556 1179 digna
576 1096 687 1158 favore
708 1096 774 1157 tuo.

72 1177 217 1244 Caesaris
238 1179 274 1242 in
294 1199 414 1242 nomen
435 1177 594 1242 ducuntur
616 1177 770 1241 carmina:
794 1175 908 1241 Caesar

113 1262 199 1326 Dum
221 1262 361 1345 canitur,
384 1282 516 1345 quaeso,
538 1261 683 1345 Iuppiter
704 1261 773 1343 ipse
794 1281 896 1324 vaces.

70 1346 132 1411 Est
152 1345 275 1411 Phoebi
296 1346 423 1431 fugiens
444 1345 627 1410 Athamana
649 1344 690 1409 ad
710 1345 805 1408 litora
826 1349 947 1431 portus,
1003 1355 1034 1406 15

114 1429 184 1505 Qua
206 1431 295 1494 sinus
316 1429 427 1495 Ioniae
448 1451 610 1494 murmura
631 1428 740 1494 condit
761 1449 872 1512 aquae,

72 1515 167 1578 Actia
188 1513 295 1578 luleae
317 1514 449 1598 pelagus
471 1515 668 1578 monimenta
690 1513 831 1595 carinae,

115 1597 294 1663 Nautarum
315 1599 398 1663 votis
419 1620 485 1662 non
507 1619 640 1682 operosa
661 1598 721 1662 via.

72 1681 145 1747 Huc
166 1682 277 1747 mundi
299 1684 402 1747 coiere
423 1705 553 1747 manus:
576 1682 666 1746 stetit
688 1701 823 1765 aequore
844 1681 945 1745 moles

113 1766 222 1846 Pinea,
244 1788 304 1831 nec
325 1767 421 1830 remis
444 1789 544 1851 aequa
563 1766 691 1830 favebat
713 1766 789 1830 avis.
1002 1775 1036 1827 20

72 1850 185 1914 Altera
206 1850 315 1914 classis
338 1854 406 1914 erat
423 1850 545 1915 Teucro
568 1850 718 1913 damnata
739 1848 883 1931 Quirine,

114 1933 247 2016 Pilaque
269 1934 405 1996 feminae
426 1933 562 2016 turpiter
583 1936 658 2016 apta
679 1953 790 1996 manu:

72 2017 158 2082 Hinc
179 2019 325 2102 Augusta
345 2017 423 2080 ratis
445 2017 548 2100 plenis
569 2015 656 2081 Iovis
678 2017 783 2080 omine
804 2015 883 2079 velis

117 2099 150 2166 Si
174 2122 278 2184 noque
299 2100 364 2164 iam
385 2101 507 2184 patriae
528 2100 655 2164 vincere
677 2100 771 2164 docta
793 2120 876 2163 suae.

73 2123 216 2250 Tandem
237 2185 320 2250 acies
365 2184 488 2249 eminos
509 2183 631 2250 Nereus
653 2184 779 2248 lunarat
799 2183 835 2247 in
856 2204 958 2264 arcus,
1001 2196 1034 2247 25

86 2352 92 2360 ,
115 2270 287 2333 Armorum
308 2207 405 2332 radiis
426 2268 512 2351 picta
533 2267 690 2333 tremebat
710 2288 806 2351 aqua,
1007 2299 1010 2303 »

74 2352 155 2419 tum
176 2351 324 2417 Phoebus
346 2353 494 2435 linquens
516 2355 654 2417 stantem
676 2373 710 2416 se
731 2351 856 2416 vindice
878 2352 983 2417 Delon

117 2435 216 2520 (Nam
237 2437 313 2501 tulit
332 2436 432 2501 iratos
453 2437 581 2500 mobilis
602 2457 667 2500 una
688 2435 806 2521 Notos)

72 2519 187 2585 Astitit
207 2521 346 2604 Augusti
366 2521 498 2603 puppim
521 2542 630 2618 super,
653 2523 685 2584 et
705 2541 790 2584 nova
808 2520 938 2585 flamma

116 2601 212 2668 Luxit
233 2605 268 2667 in
289 2605 450 2688 obliquam
471 2607 521 2668 ter
542 2609 667 2668 sinuata
686 2605 799 2668 facem.
1002 2617 1035 2668 30

73 2686 151 2753 Non
171 2688 226 2752 ille
248 2688 398 2752 attulerat
420 2688 524 2753 crines
545 2689 581 2752 in
602 2688 685 2753 eolla
707 2688 827 2753 solutos

114 2771 167 2836 Ad
188 2772 385 2837 testudineae
407 2793 535 2837 carmen
554 2773 675 2838 inerme
696 2773 793 2856 lyrae,

74 2855 137 2921 Sed
157 2856 244 2939 quali
265 2859 390 2940 aspexit
404 2856 578 2941 Pelopeum
598 2857 841 2942 Agamemnona
862 2858 961 2942 voltu,

115 2939 306 3025 digessitque
328 2941 429 3005 avidis
450 2940 569 3005 Dorica
590 2945 693 3006 castra
713 2942 811 3026 rogis,
1050 2980 1054 2987 ·

73 3024 142 3088 Aut
163 3025 265 3107 qualis
286 3025 385 3089 flexos
407 3025 504 3089 solvit
525 3025 673 3108 Pythona
693 3047 750 3110 per
772 3025 863 3089 orbes
1001 3036 1035 3087 35

117 3105 320 3191 Serpentem,
342 3109 476 3173 inbelles
498 3131 594 3207 quom
615 3113 742 3174 tacuere
763 3109 860 3192 lyrae.
964 3135 969 3148 ·

73 3191 151 3255 Mox
172 3193 217 3256 ait
239 3199 271 3256 ‘o
293 3193 392 3277 longa
412 3193 522 3257 mundr
544 3196 686 3258 servator
708 3193 747 3256 ab
769 3193 863 3276 Alba,

116 3275 271 3361 Auguste,
293 3275 461 3340 Hectoreis
482 3277 611 3362 cognite
632 3277 734 3340 maior
755 3276 832 3358 avis,

73 3359 176 3426 Vince
197 3361 291 3424 mari:
314 3361 377 3424 iam
399 3363 484 3424 terra
504 3363 606 3424 tuast:
627 3360 689 3424 tibi
709 3359 826 3423 militat
848 3381 949 3446 arcus,

115 3443 160 3510 nt
180 3445 266 3509 favet
287 3467 326 3510 ex
347 3444 464 3509 umeris
485 3444 547 3508 hoc
569 3465 650 3509 onus
672 3465 767 3508 omne
787 3445 877 3514 meis.
1000 3457 1035 3508 40
