2302 3922
248 577 406 677 SEX.
441 579 898 678 PROPERTH

416 762 724 841 aasumavn

61 872 139 1013 χ
346 950 506 1010 LIBER
537 951 791 1020 QVARTVS.
994 951 1049 1010 III.

557 1169 585 1243 I.

92 1282 286 1365 Callimachi
307 1298 418 1364 Manes
441 1303 473 1364 et
495 1297 554 1364 Coi
576 1320 664 1364 saera
685 1299 843 1381 Philetae,

135 1381 174 1445 In
195 1387 349 1466 vestrum,
372 1405 503 1466 quaeso,
526 1405 577 1448 me
600 1384 695 1447 sinite
716 1385 762 1448 ire
784 1405 905 1448 nemus.

93 1466 219 1530 Primus
242 1489 302 1552 ego
324 1469 486 1552 ingredior
506 1489 586 1564 puro
610 1468 758 1532 delente
781 1468 926 1532 sacerdos

134 1550 217 1614 Itala
237 1573 294 1635 per
316 1551 429 1616 Graios
451 1573 541 1637 orgia
561 1552 643 1616 ferre
666 1551 788 1616 choros.

93 1633 212 1717 Dicite,
236 1657 297 1718 quo
319 1637 439 1720 pariter
461 1658 588 1701 carmen
608 1637 764 1701 tenuastis
785 1637 820 1699 in
843 1636 957 1700 antro?
1037 1649 1052 1695 5

136 1717 244 1794 Quove
266 1720 346 1803 pede
367 1720 525 1804 ingressi?
549 1742 681 1804 quamve
703 1720 828 1784 bibistis
852 1720 989 1803 aquam?

94 1803 123 1865 A
145 1803 263 1886 valeat,
285 1803 449 1868 Phoebum
471 1804 660 1887 quicumque
681 1808 822 1867 moratur
843 1805 878 1867 in
899 1804 1009 1866 armis!

136 1885 275 1950 Exactus
296 1888 385 1951 tenui
406 1889 531 1970 pumice
553 1908 661 1951 versus
684 1890 749 1969 eat,

95 1969 164 2045 Quo
187 1991 238 2033 me
259 1969 357 2034 Fama
377 1971 461 2034 levat
481 1975 567 2034 terra
588 1970 748 2054 sublimis,
772 1974 804 2034 et
826 1992 845 2033 a
866 1993 916 2034 me

136 2053 222 2118 Nata
245 2055 403 2119 coronatis
426 2054 519 2118 Musa
539 2053 716 2137 triumphat
737 2054 840 2137 equis,
1023 2066 1056 2115 ιο

94 2138 139 2203 Et
159 2160 283 2202 mecum
305 2139 339 2201 in
362 2159 455 2202 curru
479 2138 569 2221 parvi
590 2141 756 2202 vectantur
777 2138 927 2222 Amarea,

138 2221 396 2306 Scriptorumque
417 2243 503 2286 meas
524 2222 617 2285 turba
639 2224 747 2285 secuta
767 2225 877 2286 rotas(

95 2305 179 2382 Quid
200 2308 318 2370 flustra
339 2306 444 2369 missis
466 2307 502 2369 in
523 2327 573 2371 me
596 2305 724 2370 certatis
746 2305 901 2370 habenis?

137 2389 214 2455 Non
236 2391 327 2454 datur
349 2391 389 2454 ad
410 2390 519 2454 Musas
541 2411 666 2454 currere
688 2391 752 2453 lata
773 2390 832 2454 via.

96 2474 206 2555 Multi,
228 2474 346 2556 Roma,
369 2478 439 2537 tuas
461 2473 569 2537 laudes
592 2473 759 2537 annalibus
785 2473 915 2557 addent,
1024 2487 1054 2536 15

17 2637 19 2640 y
139 2557 200 2633 Qui
222 2557 318 2622 finem
340 2557 464 2641 imperii
486 2557 601 2621 Bactra
622 2558 728 2620 futura
750 2563 882 2620 canent.-

97 2641 159 2708 Sed
165 2692 174 2724 ,
191 2642 274 2725 quod
288 2663 366 2726 pace
381 2642 485 2726 lagae,
501 2663 579 2725 opus
594 2640 655 2706 hoe
671 2641 832 2706 demente
848 2661 992 2707 sororum

139 2725 262 2790 Detulit
282 2727 402 2790 intaeta
422 2747 464 2808 pa
488 2725 541 2789 ina
562 2731 674 2789 nostra
695 2726 756 2790 via.

97 2808 223 2893 Mollia,
245 2809 431 2895 Pegasides,
455 2747 486 2872 <P

139 2892 215 2956 Non
236 2893 332 2958 faciet
354 2893 450 2976 capiti
472 2893 549 2957 dura
571 2915 689 2957 corona
709 2914 790 2958 meo,
1023 2906 1056 2954 20

97 2980 142 3042 At
163 2975 242 3041 mihi
264 2978 348 3061 quod
369 2978 441 3042 vivo
463 2977 635 3041 detraxerit
655 2978 762 3041 invida
784 2979 892 3058 turba,

139 3061 218 3125 Post
239 3062 361 3125 obitum
383 3061 501 3145 duplici
522 3061 632 3125 fenore
653 3061 763 3125 reddet
783 3060 904 3123 Honos.

98 3145 213 3210 Omnia
233 3149 308 3228 post
329 3145 452 3209 obitum
473 3144 568 3229 fingit
588 3145 708 3209 maiora
729 3147 883 3226 vetustas,

139 3228 243 3292 Maius
265 3228 304 3292 ab
327 3228 467 3310 exequiis
491 3249 610 3292 nomen
631 3229 666 3292 in
688 3248 743 3291 ora
764 3227 861 3290 venit.

97 3312 181 3378 Nam
203 3313 273 3396 quis
295 3333 374 3395 equo
397 3311 503 3394 pulses
526 3313 661 3396 abiegno
684 3315 830 3374 nosceret
851 3330 953 3395 arces,
1025 3324 1057 3374 2⁶

139 3396 347 3480 Fluminaque
369 3395 547 3460 Haemonio
571 3394 714 3460 eominus
736 3394 798 3458 isse
820 3395 906 3480 viro,

477 2813 527 2873 ate
548 2812 654 2874 vestro
677 2813 760 2874 serta
781 2814 907 2894 poetae:
