2302 3922
58 199 163 271 vnn]
463 198 572 255 LIBER
591 197 614 255 1.

60 362 124 429 Vel
145 360 412 458 cumlpromittit²
436 360 540 424 subito
564 359 619 424 sed
640 358 761 443 perfida
780 357 880 440 fallit,

103 446 166 511 Est
186 446 265 509 mrbi
286 467 350 509 nox
370 444 481 509 multis
503 444 685 529 evigilanda
706 443 809 506 malis.

60 529 149 596 Dum
169 528 249 594 mihi
271 532 437 593 venturam
451 527 555 611 fingo,
578 528 798 611 quodcumque
812 528 972 608 movetur,
994 536 1027 586 65

105 614 197 679 Illius
220 612 313 677 credo
336 615 413 676 tunc
435 612 578 676 sonuisse
599 611 734 694 pedem!

63 698 211 763 Desistas
233 697 413 778 lacrimare,
435 717 529 778 puer:
551 717 618 759 non
639 695 798 779 frangitur
819 694 890 776 illa,

104 782 150 846 Et
169 784 225 845 tua
245 781 310 844 iam
331 780 408 843 fletu
430 778 552 843 lumina
572 779 659 843 fessa
678 781 812 842 tument.

64 865 226 947 Oderunt,
249 863 386 946 Pholoe,
408 883 538 944 moneo,
561 862 691 926 fastidia
712 863 791 943 divi,

105 949 176 1015 Nec
197 947 328 1031 prodest
350 947 469 1010 sanctis
490 950 562 1009 tura
584 946 708 1010 dedisse
730 946 820 1010 focis.
994 956 1029 1007 το

61 1032 127 1098 Hic
140 1031 306 1096 Marathus
329 1029 488 1113 quondam
503 1030 636 1094 miseros
659 1030 789 1094 ludebat
806 1030 963 1111 amantes,

105 1116 242 1182 Nescius
263 1116 399 1178 ultorem
422 1117 496 1197 post
517 1117 613 1197 caput
634 1136 703 1177 esse
726 1114 834 1178 deum:

63 1199 125 1267 sae
149 1221 166 1264 e
188 1199 285 1263 etiam
306 1198 445 1262 lacrimis
467 1197 568 1262 fertur
588 1198 696 1262 risisse
718 1197 856 1262 dolentis

136 1288 151 1347 t
173 1282 323 1366 cupidum
345 1283 420 1346 ficta
441 1282 615 1346 detinuisse
636 1304 741 1346 mora:

63 1366 160 1434 Nunc
182 1388 292 1431 omnes
314 1367 383 1430 odit
403 1366 521 1449 fastus,
543 1388 629 1430 nunc
651 1366 797 1450 displicet
818 1366 866 1429 illi
995 1374 1028 1427 to

107 1450 329 1534 Quaecumque
352 1451 532 1534 oppositast
553 1451 649 1514 ianua
670 1450 749 1515 dura
770 1471 848 1514 sera.

63 1536 111 1599 At
131 1539 164 1599 te
185 1555 290 1618 poena
310 1538 428 1599 manet.
462 1535 497 1597 ni
519 1534 637 1598 desinis
660 1556 728 1598 osse
750 1534 901 1617 superba,

108 1618 212 1695 Quam
234 1618 342 1702 cupies
363 1618 447 1682 votis
468 1618 553 1682 hunc
575 1640 723 1683 revocare
746 1619 845 1682 diem!

492 1833 606 1907 VHII.

65 1953 151 2031 Quid
171 1953 267 2038 mihi,
290 1954 318 2020 si
339 1955 443 2020 fueras
465 1956 599 2019 miseros
621 1958 761 2020 laesurus
784 1976 922 2039 amores,

107 2037 250 2102 Foedera
270 2060 328 2122 per
350 2039 454 2123 divoS‚
477 2041 559 2103 clam
581 2040 742 2121 violanda,
765 2039 887 2103 dabas?

65 2125 99 2189 A
119 2122 233 2205 miser,
256 2128 288 2185 et
309 2124 407 2205 siquis
429 2125 531 2206 primo
553 2124 692 2206 periuria
713 2124 809 2203 celat,

108 2206 200 2288 Sera,
221 2208 332 2271 tamen
352 2208 458 2270 tacitis
480 2206 587 2270 Poena
608 2208 697 2270 venit
717 2206 859 2290 pedibus.

63 2290 205 2372 Parcite,
228 2290 394 2355 caelestes:
416 2294 583 2374 aequumst
604 2291 724 2374 inprme
744 2291 840 2355 licere
1010 2302 1030 2355 ⁶

109 2373 253 2439 Numina
274 2373 423 2438 formosis
446 2374 568 2439 laedere
590 2377 695 2439 vestra
720 2376 826 2439 semel.

66 2458 173 2523 Lucra
192 2461 306 2542 petens
326 2457 426 2522 habili
446 2462 554 2524 tauros
576 2460 723 2544 adiungit
744 2464 850 2523 aratro

107 2542 154 2605 Et
174 2541 288 2606 durum
309 2545 412 2607 terrae
433 2544 571 2607 rusticus
592 2548 686 2628 urget
706 2566 801 2628 opus,

64 2624 169 2689 Lucra
188 2626 343 2709 petituras
364 2627 447 2691 freta
467 2648 524 2711 per
545 2628 689 2711 parentia
709 2629 813 2692 ventis

110 2706 242 2773 Ducunt
262 2710 428 2775 instabiles
450 2712 553 2775 sidera
576 2716 662 2775 certa
682 2716 781 2778 rates:
996 2724 1030 2775 10

65 2790 253 2857 Muneribus
274 2815 363 2859 meus
386 2797 434 2858 est
456 2800 564 2875 captus
586 2818 673 2880 puer.
709 2801 743 2860 at
764 2797 840 2862 deus
862 2799 918 2862 illa

107 2874 149 2939 In
170 2877 309 2941 cinerem
331 2882 363 2942 et
384 2879 520 2962 liquidas
542 2902 673 2945 munera
694 2886 798 2946 vertat
819 2904 924 2966 aquas.

64 2958 135 3025 Iam
156 2959 237 3024 mihi
257 2964 418 3045 persolvet
438 2984 575 3048 poenas,
597 2965 762 3050 pulvisque
786 2965 931 3031 decorem

107 3043 265 3109 Detrahet
285 3050 318 3110 et
337 3048 441 3111 ventis
463 3047 592 3113 horrida
613 3050 699 3113 facta
720 3071 826 3133 coma,

65 3125 184 3193 Vretur
204 3128 320 3213 facies,
342 3136 475 3196 urentur
496 3133 564 3196 sole
586 3134 708 3218 capilli,
997 3147 1028 3195 15

107 3210 243 3278 Deteret
263 3215 420 3280 invalidos
443 3219 475 3280 et
496 3217 548 3280 ria
569 3217 668 3302 longa
688 3219 795 3301 pedes

64 3296 229 3363 Admonui
251 3301 399 3382 quotiens
422 3308 517 3365 ‘auro
539 3322 580 3364 ne
601 3301 708 3384 pollue
730 3302 882 3368 formam:

108 3379 211 3466 Saepe
234 3383 340 3449 solent
361 3406 438 3450 auro
459 3385 561 3448 multa
583 3385 711 3449 subesse
732 3387 826 3450 mala.

62 3463 195 3533 Divitiis
217 3472 328 3552 captus
351 3470 449 3554 siquis
471 3468 602 3533 violarit
623 3489 779 3555 amorem,
