2302 3922
287 167 477 232 criniti
500 167 629 233 clun.
651 178 693 233 43.
712 180 755 236 41.
794 114 798 125 1
977 177 1019 242 28

147 341 231 417 Quae
252 339 309 415 sit,
331 339 488 416 quaeritis.
519 336 588 415 illa,
612 356 701 417 quam
722 339 833 405 videtis

147 424 254 504 Turpe
274 421 437 498 incedere,
459 421 580 480 mimice
602 441 636 482 ao
655 420 787 487 moleste

146 505 311 567 bidentem
332 504 426 565 catuli
446 524 500 564 ore
523 503 683 568 Gallicani.

95 604 131 654 10
150 591 375 651 Circumsistite
395 607 477 666 eam,
499 595 532 648 et
553 590 741 670 reflagitate,

147 675 299 735 ‘Moecha
319 671 444 754 putida,
466 671 564 745 redde
587 672 763 752 codicillos,

146 756 272 835 Redde,
293 755 400 837 putida
421 758 564 834 moecha,
588 757 770 820 codicillos!

147 842 215 901 Non
233 843 308 902 assis
326 840 425 900 facis?
447 861 465 899 o
484 841 597 918 lutum,
618 839 763 923 lupanar,

147 926 210 985 Aut
232 926 258 986 sl
276 923 428 1005 perditius
449 932 554 1005 potest
575 925 649 1004 quid
671 944 748 987 esse.

92 1019 128 1072 15
150 1008 214 1069 Sed
233 1028 295 1068 non
313 1015 481 1068 esttamen
502 1009 562 1068 boc
583 1010 656 1069 satis
674 1009 849 1090 putandum.

148 1092 238 1168 Quod
259 1095 367 1152 sinon
389 1090 472 1151 aliud
491 1099 610 1172 potest,
632 1096 775 1154 ruborem

147 1178 267 1236 Ferreo
289 1177 372 1235 oanis
395 1177 595 1256 exprimamus
617 1196 680 1237 ore.

148 1259 344 1321 conclamate
366 1260 478 1319 iterum
497 1259 610 1320 altiore
628 1280 702 1321 voce
776 1327 781 1343 ἱ

148 1345 298 1405 ‘Moecha
317 1342 439 1422 putida,
461 1342 559 1403 redde
581 1343 757 1424 codicillos,

93 1437 130 1489 20
149 1426 275 1504 Redde,
297 1425 404 1506 putide
427 1428 569 1506 moecha,
591 1426 749 1490 codicillos
757 1434 779 1508 ,’

148 1511 211 1570 Sed
232 1510 278 1571 nil
298 1511 492 1590 proficimus,
514 1510 592 1571 nihil
612 1522 760 1575 movetur.

147 1595 296 1656 Mutanda
316 1599 365 1654 est
386 1597 465 1656 ratio
487 1594 655 1676 modusque
676 1600 778 1674 vobis,
893 1654 897 1667 ,

148 1678 257 1759 Siquid
277 1679 431 1761 prolicere
453 1679 579 1762 amplius
600 1684 747 1761 potestis,

33 1818 37 1826 .
149 1762 281 1825 ‘Pudice
303 1772 335 1825 et
355 1767 470 1845 proba,
492 1763 590 1825 redde
612 1764 792 1826 codicillos.'

455 1973 581 2037 XLHI.

61 2128 63 2132 .
146 2057 256 2170 Salve,
278 2111 336 2152 nee
357 2092 481 2151 minimo
501 2089 605 2171 puella
625 2109 698 2150 uaso

144 2176 210 2237 Neo
230 2174 315 2236 bello
334 2175 415 2256 pede
436 2193 494 2235 nec
515 2175 611 2253 nigris
632 2172 738 2233 ocellis

145 2261 210 2321 Nec
231 2258 331 2338 longis
353 2259 456 2338 digitis
477 2277 535 2318 nec
558 2276 613 2317 ore
635 2257 715 2316 sicco

145 2345 210 2405 Neo
232 2362 305 2419 sane
326 2344 416 2403 nimis
437 2340 581 2421 elegante
601 2339 721 2419 lingua,

105 2430 123 2490 5'
144 2429 326 2488 Decoctoris
349 2428 444 2506 amieo
463 2427 629 2488 Formiani.

147 2513 216 2572 Ten
237 2513 395 2591 provincia
411 2517 517 2571 namot
538 2528 606 2570 esse
625 2506 759 2569 bellam?

146 2596 263 2656 Tecum
283 2595 396 2655 Lesbia
415 2601 521 2655 nostra
541 2592 754 2673 comparetur?

147 2680 173 2739 0
196 2677 330 2740 saeelum
347 2678 503 2758 insapiens
524 2685 556 2738 et
576 2676 757 2738 infacetum!

457 2885 579 2950 XLIV.

148 2970 177 3065 ll
199 3003 294 3065 funde
314 3012 421 3066 noster
442 3025 497 3067 seu
515 3006 627 3066 Sabine
647 3024 709 3067 aeu-
723 3007 855 3085 Tiburs,

148 3089 237 3165 (Nam
256 3095 289 3149 te
303 3107 372 3149 esse
388 3090 551 3150 Tiburtem
566 3097 735 3168 asternunt,
758 3092 867 3169 quibus
885 3109 946 3149 non
968 3096 1015 3150 est

148 3172 245 3234 cordi
266 3173 421 3254 Catullum
436 3172 579 3234 laedere:
601 3181 632 3234 at
653 3175 761 3253 quibus
783 3174 869 3234 cordi
890 3181 954 3249 est,

148 3258 260 3334 Quouis
283 3257 427 3318 Sabinum
447 3261 577 3338 pignore
598 3276 667 3318 esse
688 3255 892 3332 contendunt)

111 3349 128 3402 5
150 3338 213 3400 Sed
234 3359 289 3402 seu
311 3341 424 3403 Sabine
446 3343 509 3402 sire
529 3343 632 3402 verius
651 3341 782 3417 Tiburs,

146 3423 205 3484 Fui
225 3422 363 3486 libenter
383 3427 417 3486 in
436 3432 488 3486 tua
510 3427 680 3487 suburbano
