2302 3922
92 197 134 262 10
499 198 642 255 vanm
976 202 1054 275 [1111.

154 363 276 429 Necte
298 361 459 447 paeniteat
480 360 575 425 duros
598 362 730 427 subiisse
752 364 877 428 labores

197 448 265 511 Aut
285 468 382 529 opera
402 447 541 509 insuetas
564 447 729 510 attenuisse
750 468 878 526 manue,

155 530 239 612 Nec,
262 530 339 593 velit
359 528 483 592 insidiis
506 529 587 593 altas
609 529 636 592 si
658 529 803 594 claudere
823 531 937 613 valles,

104 626 141 676 ao
197 613 283 677 Dum
303 613 442 696 placeas,
465 612 566 676 umeri
585 613 665 676 retia
686 614 767 677 ferre
788 617 916 698 negent.

157 697 191 762 Si
212 697 298 760 volet
319 718 419 779 arma,
442 697 505 760 leri
525 697 696 779 temptabis
719 697 825 760 ludere
847 697 974 762 dextra:

199 780 299 863 Saepe
320 780 410 843 dabis
431 781 566 862 nudum,
588 781 695 843 vincat
715 784 752 844 ut
772 781 840 862 ille,
863 781 957 844 latus.

157 864 238 929 Tum
259 863 318 927 tibi
339 864 425 927 mitis
447 865 520 946 erit,
542 864 647 946 rapias
668 868 738 927 tum
761 885 833 928 cara
853 864 963 928 licebit

199 947 329 1012 Oscula:
352 947 522 1032 pugnabit,
546 948 601 1010 sed
622 950 731 1011 tamen
752 951 827 1031 apta
848 948 944 1011 dabit.

103 1044 140 1093 155
155 1032 204 1095 Ra
226 1036 260 1095 ta
281 1032 369 1095 dabit
389 1032 492 1115 primo
498 1081 507 1113 ,
530 1052 604 1094 mox
625 1031 736 1095 offeret
757 1031 825 1114 ipse
847 1033 987 1116 roganti,
1027 1078 1036 1089 ι

201 1055 279 1180 Most
300 1117 395 1180 etiam
417 1116 498 1179 eollo
521 1137 555 1179 se
576 1115 759 1199 inplicuisse
781 1116 876 1179 volet.

156 1200 229 1264 Heu
239 1201 321 1263 male
336 1221 421 1262 nunc
433 1202 515 1263 artes
527 1199 658 1263 miseras
668 1199 746 1263 haec
763 1199 886 1263 saecula
895 1201 1051 1264 tractant:

198 1283 267 1347 Iam
287 1286 378 1346 tener
396 1282 539 1346 adsuevit
560 1305 690 1346 munera
711 1283 791 1346 velle
812 1304 899 1365 puer.

157 1368 203 1430 At
222 1370 272 1447 tu,
296 1366 350 1448 qui
370 1364 527 1428 Venerem
549 1366 685 1429 docuisti
706 1366 841 1429 vendere
862 1366 998 1448 primus,

109 1464 143 1512 oo
200 1448 348 1530 Quisquis
370 1470 419 1530 es,
442 1449 554 1511 infelix
574 1453 687 1532 urgeat
709 1471 781 1512 ossa
801 1451 891 1531 lapis.

157 1532 315 1613 Pieridas,
337 1531 442 1614 pueri,
467 1531 575 1594 doctos
598 1534 630 1593 et
651 1536 754 1595 amate
775 1537 900 1615 poetas,

200 1617 308 1679 Aurea
328 1636 387 1678 nec
409 1617 559 1696 superent
579 1636 710 1678 munera
730 1615 882 1680 Pieridas,

161 1699 307 1765 Carmine
327 1701 518 1780 purpureast
538 1696 610 1761 Nisi
632 1719 737 1762 coma:
760 1699 900 1762 carmina
920 1702 955 1764 ni
978 1702 1053 1783 sint,

200 1783 250 1845 Ex
271 1803 379 1845 umero
402 1781 529 1863 Pelopis
550 1801 617 1844 non
638 1781 786 1845 nituisset
808 1781 892 1845 ebur.

109 1881 142 1929 oa
157 1866 258 1942 Quem
278 1865 416 1929 referent
436 1864 562 1947 Musae,
586 1865 685 1948 vivet,
708 1866 783 1928 dum
805 1865 920 1929 robora
941 1867 1053 1950 tellus,

200 1949 285 2013 Dum
307 1949 429 2013 eaelum
451 1949 573 2031 stellas,
597 1948 671 2012 dum
692 1949 786 2013 vehet
808 1950 910 2013 amnis
932 1972 1038 2033 aquas,

158 2035 204 2097 At
225 2034 280 2116 qui
300 2055 366 2096 non
388 2032 476 2096 audit
496 2032 620 2115 Musas,
644 2033 698 2116 qui
719 2034 828 2098 vendit
849 2055 1003 2116 amorem,

201 2117 313 2181 idaeae
335 2138 444 2180 currus
465 2117 520 2180 illc
542 2122 691 2200 sequatur
712 2117 790 2201 Opis

158 2200 203 2266 Et
223 2205 420 2265 tercentenas
443 2201 600 2265 erroribus
623 2203 749 2286 expleat
769 2204 862 2268 urbes
911 2273 914 2277 ,

107 2299 144 2347 ’10
200 2286 244 2348 Et
265 2289 350 2349 secet
371 2286 411 2349 ad
432 2285 588 2369 Phrygios
610 2286 687 2349 vilia
707 2287 849 2350 membra
868 2286 989 2351 modos.

160 2369 330 2433 Blanditiis
352 2370 419 2432 volt
441 2390 509 2431 esse
533 2369 638 2431 locum
659 2369 768 2432 Venus
789 2371 873 2451 ipsa:
896 2369 1030 2450 querelis

203 2451 419 2535 supplicibus,
441 2451 564 2514 miseris
586 2451 712 2514 fletibus
733 2451 788 2513 illa
808 2451 917 2514 iavet?

160 2535 249 2600 Haec
271 2535 349 2597 mihi
355 2582 365 2615 ,
387 2554 466 2616 quae
488 2554 632 2596 canerem
648 2532 747 2614 Titio,
771 2532 847 2596 deus
869 2531 968 2596 edidit
983 2555 1052 2597 ore:

203 2616 265 2682 sed
286 2617 404 2680 Titium
427 2617 565 2679 coniunx
585 2615 663 2679 haec
684 2615 864 2681 meminisse
885 2618 981 2681 vetat.

108 2713 144 2762 ⁴15
159 2700 272 2765 Pareat
292 2701 346 2763 ille
368 2721 456 2762 suae:
479 2720 535 2762 vos
557 2720 607 2762 me
630 2699 786 2762 celebrate
808 2701 996 2786 magistrum
1002 2751 1011 2785 ,

203 2784 288 2857 Quos
310 2783 392 2845 male
413 2782 509 2845 habet
529 2783 629 2845 multa
651 2783 782 2846 callidus
805 2788 871 2848 arte
892 2806 979 2868 puer.

162 2866 272 2930 Gloria
293 2866 404 2948 cuique
426 2867 527 2929 suast:
549 2887 609 2948 me,
633 2867 685 2949 qui
701 2871 897 2951 spernentur,
913 2871 1054 2932 amantes

203 2948 408 3013 Consultent:
431 2949 553 3012 cunctis
574 2950 668 3013 ianua
689 2954 800 3014 nostra
820 2955 916 3036 patet.

161 3033 298 3115 Tempus
321 3033 389 3113 erit,
412 3053 483 3095 cum
497 3053 548 3096 me
561 3032 695 3098 Veneris
712 3039 880 3119 praecepta
902 3036 1054 3101 ferentem

111 3130 146 3177 ao
202 3114 347 3179 Deducat
366 3115 515 3179 iuvenum
537 3117 646 3182 sedula
666 3119 758 3182 turba
779 3141 895 3184 senem.

161 3199 233 3262 Heu
253 3197 316 3262 heu
337 3220 432 3281 quam
446 3199 609 3264 Marathus
624 3203 711 3266 lento
726 3225 776 3268 me
790 3207 918 3287 torquet
932 3202 1053 3269 amoro!

204 3280 364 3345 Deficiunt
385 3286 484 3367 artes,
508 3285 719 3369 deficiuntque
741 3287 814 3352 doli.

161 3364 273 3447 Parce,
295 3388 388 3451 puer,
411 3390 542 3452 quaeso,
568 3390 609 3433 ne
630 3371 731 3452 turpis
753 3371 861 3435 fabula
880 3371 970 3454 fiam,

205 3448 285 3514 Cum
306 3472 377 3515 mea
399 3453 547 3517 ridebunt
567 3476 648 3519 vana
669 3455 860 3539 magisteria.

501 3576 652 3585 ο,-

210 3785 422 3845 4,
