2302 3922
387 261 580 323 cliuum
600 259 734 322 Gdel.
757 271 800 325 66.

214 432 300 493 llaec
319 449 463 511 expressa
483 431 539 489 tibi
561 432 695 490 carmina
712 427 888 508 Battiadae,
994 494 996 502 ,

176 516 223 576 Ne
244 523 296 576 tua
317 513 399 573 dicta
419 514 501 592 vagis
521 517 724 593 nequicquam
746 513 865 573 credita
884 516 984 575 ventis

217 598 381 659 Effluxlsse
403 615 471 656 meo
490 597 573 656 sorte
593 606 685 677 putes
707 598 816 658 animo.

520 767 651 831 LXVb.

480 867 698 950 **'*

174 968 217 1028 Ut
239 968 363 1026 missum
384 969 489 1046 sponsi
508 967 621 1028 furtivo
643 985 770 1027 munere
792 962 904 1024 malum

216 1052 377 1111 Procurrlt
398 1058 482 1111 casto
503 1052 630 1130 virginis
653 1071 670 1111 e
692 1052 825 1130 gremio,

175 1134 265 1210 Quod
284 1135 416 1194 miserae
439 1134 554 1195 oblitae
574 1134 661 1195 molli
683 1136 739 1195 sub
760 1142 846 1193 veste
866 1130 1016 1212 locatum,

216 1221 295 1278 Dum
314 1217 446 1279 adventu
467 1221 576 1278 matris
597 1219 738 1300 prosilit,
760 1217 927 1284 excutitur:

174 1305 277 1381 Atque
298 1300 375 1360 illud
395 1322 494 1383 prono
516 1322 667 1383 praeceps
688 1305 788 1381 agitur
810 1300 958 1379 decursu,

216 1387 296 1446 Huic
316 1394 418 1445 manat
439 1388 522 1446 tristi
544 1389 684 1446 conscius
706 1405 760 1446 ore
781 1386 886 1444 rubor.
994 1394 998 1408 ‘

525 1576 648 1640 LXVI.

174 1645 286 1741 llmnla
307 1683 360 1760 qui
378 1685 480 1761 magni
501 1682 634 1764 dispexit
653 1681 767 1742 lumina
788 1682 910 1761 mundi,
998 1678 1000 1682 ⁴

216 1767 276 1841 Qui
298 1763 458 1826 stellarum
480 1774 565 1826 ortus
587 1767 739 1846 comperit
759 1772 851 1844 atque
874 1769 991 1846 obitus,

171 1848 345 1910 Flammeus
366 1858 400 1909 ut
421 1850 521 1931 rapidi
540 1850 613 1911 solis
633 1852 717 1909 nitor
738 1849 937 1929 obscuretur,

214 1934 257 1994 Ut
279 1932 390 1993 cedant
410 1934 629 1995 certissidera
650 1933 857 2014 temporibus,

137 2027 152 2079 5
174 2019 217 2088 Ut
241 2017 377 2078 Triviam
399 2019 506 2079 furtim
529 2020 584 2079 sub
606 2018 725 2078 Latmia
745 2036 815 2077 saxa
835 2016 977 2098 relegans

214 2100 320 2161 Dulcis
339 2123 423 2163 amor
444 2123 520 2182 gyro
543 2102 673 2163 devocet
694 2103 795 2179 aerio,
852 2172 857 2182 ,

172 2185 256 2246 ldem
277 2205 326 2246 me
347 2186 404 2247 ille
424 2189 533 2248 Conon
554 2185 683 2247 caelesti
703 2186 828 2260 numine
848 2185 926 2246 vidit
990 2191 993 2198 '

212 2272 239 2332 Ε
261 2271 432 2332 Beroniceo
455 2273 572 2332 vertice
594 2272 767 2331 caesariem·

171 2354 355 2432 dulgentem
378 2355 476 2432 clare,
499 2375 588 2433 quam
604 2352 709 2413 multis
731 2352 785 2412 illa
805 2351 931 2412 dearum

116 2449 151 2501 lo
212 2438 306 2498 Levia
326 2438 517 2519 protendens
538 2438 664 2497 brachia
684 2436 824 2516 pollicita
843 2443 906 2513 est,

172 2522 237 2597 Qua
256 2540 311 2580 rex
332 2527 516 2600 tempestate
535 2540 614 2580 novo
638 2527 744 2579 auctus
765 2520 935 2597 hymenaeo

211 2605 371 2678 Vastatum
391 2606 461 2664 linis
479 2607 578 2665 iverat
598 2604 760 2682 Assyrios,

170 2686 278 2747 Dulcia
299 2696 468 2748 nocturnae
488 2696 616 2768 portans
637 2689 768 2764 vestigia
786 2690 887 2766 rixae,

212 2771 308 2846 Quam
330 2771 369 2831 de
390 2773 537 2850 virgineis
560 2776 699 2850 gesserat
720 2772 845 2831 exuviis

118 2863 151 2916 15
172 2856 269 2916 Estne
286 2857 373 2915 novis
392 2858 496 2936 nuptis
517 2855 588 2916 odio
611 2855 741 2918 Venus?
762 2873 841 2914 anne
861 2863 1024 2936 parentum

211 2941 414 3000 Frustrantur
433 2939 520 3000 falsis
542 2939 651 3020 gaudia
670 2937 857 3016 lacrimulis,

170 3024 312 3084 Ubertim
330 3022 457 3084 thalami
476 3045 549 3104 quas
570 3027 654 3085 intra
673 3019 780 3082 limina
800 3021 1013 3100 fundunt?

141 3122 144 3128 ·
209 3107 295 3186 Non,
316 3110 361 3168 ita
381 3128 431 3169 me
452 3107 529 3185 divi,
551 3128 623 3169 vera
644 3114 784 3187 gemunt,
806 3108 931 3167 inerint

171 3190 206 3249 ld
222 3210 291 3250 mea
308 3211 358 3252 me
377 3191 481 3252 multis
503 3190 608 3251 docuit
629 3194 737 3270 regina
760 3188 927 3269 querelis„
1016 3232 1019 3242 .

119 3283 155 3336 20
215 3274 369 3336 invisente
391 3296 470 3335 novo
490 3273 610 3356 praelia
630 3281 718 3335 torva
735 3276 811 3333 viro.
1051 3336 1054 3343 ,

170 3359 265 3418 Atta
285 3378 347 3418 non
371 3361 478 3459 orbum
499 3358 577 3420 luxti
599 3358 723 3420 deserta
745 3378 795 3417 c=v
883 3369 940 3421 '-

815 3404 847 3429 μ
901 3388 906 3425 ἰ
1018 3405 1032 3417 1·

573 3445 580 3462 0
857 3440 913 3475 ¹¹¹¹·
1061 3449 1069 3459 «ι

644 3529 651 3545 ι

627 3556 654 3579 ι,
757 3543 767 3556 ¹
