2302 3922
131 222 174 288 64
516 230 709 286 raorraru
1059 232 1093 304 [1.

194 392 324 457 Idaeum
346 392 508 457 Simoenta
529 391 614 456 Iovis
637 414 708 456 cum
730 393 819 475 prole
841 391 1033 457 Scamandro
1040 441 1049 475 ,

236 477 376 540 Hectora
397 497 452 558 per
475 497 603 559 campos
624 478 673 540 ter
694 477 869 541 maculasse
890 475 998 540 rotas?

159 616 165 622 .
195 559 458 643 Deiphobumque
473 559 692 643 Helenumque
715 564 747 624 et
760 559 990 656 Polydamanta
1005 563 1037 623 et
1058 562 1094 624 in

736 666 831 708 armis

146 740 179 788 30
237 725 502 811 Qualemcumque
524 728 622 792 Parin
643 729 696 792 vix
718 749 774 792 sua
794 731 904 792 nosset
924 728 1048 792 humus.

195 810 322 894 Exiguo
345 832 490 876 sermone
511 812 596 876 fores
619 833 719 894 nunc,
742 811 843 893 Ilion,
867 816 899 876 et
920 816 955 876 tu

239 893 334 958 lhoia
355 897 404 960 bis
427 896 537 960 Oetaei
558 897 688 959 numine
711 899 803 978 capta
825 896 884 960 dei.

197 976 265 1042 Nee
286 1001 352 1042 non
373 980 427 1043 ille
449 980 496 1043 tui
518 1001 609 1044 casus
631 983 822 1044 memorator
843 980 1001 1043 Homerus

239 1062 429 1127 Posteritate
451 1085 542 1127 suum
568 1084 707 1128 crescere
729 1063 829 1128 sensit
849 1085 938 1147 opus

149 1157 181 1206 35
197 1144 311 1228 Meque
334 1148 418 1211 inter
440 1168 527 1211 seros
549 1148 692 1212 laudabit
711 1147 815 1212 Roma
836 1151 982 1231 nepotes:

239 1229 335 1294 Illum
356 1236 428 1314 post
449 1233 570 1296 cineres
593 1253 731 1316 auguror
753 1232 820 1315 ipse
842 1232 934 1296 diem.

197 1312 247 1377 Ne
269 1337 339 1379 mea
361 1319 543 1400 contempto
566 1317 646 1400 lapis
669 1316 788 1380 indicet
809 1337 881 1380 ossa
902 1316 1062 1398 sepulcre,

240 1397 438 1463 Provisumst
458 1399 556 1482 Lycio
578 1404 653 1464 vota
673 1400 828 1484 probante
850 1400 919 1464 dec.

199 1480 355 1546 Carminis
377 1484 499 1546 interea
519 1485 622 1547 nostri
642 1484 806 1548 redeamus
828 1484 863 1547 in
885 1484 1008 1565 orbem,

149 1576 182 1624 40
240 1565 384 1629 Gaudeat
404 1567 438 1628 in
460 1567 554 1630 solito
576 1570 662 1630 tacta
682 1567 789 1649 puella
810 1587 899 1631 sono.

200 1647 326 1730 Orphea
348 1648 503 1712 delenisse
524 1650 608 1712 feras
630 1652 663 1712 et
684 1651 809 1714 concita
831 1649 942 1714 dicunt
1075 1650 1096 1720 2

241 1731 389 1794 Flumina
410 1731 557 1797 Threicia
578 1731 765 1795 sustinuisse
787 1732 870 1814 lyra:

200 1813 281 1878 Saxa
303 1813 503 1878 Cithaeronis
525 1815 650 1879 Thebas
672 1815 793 1898 agitata
813 1838 870 1899 per
892 1818 990 1880 artem

242 1897 361 1981 Sponte
384 1920 440 1962 sua
461 1900 496 1962 in
517 1899 599 1962 muri
621 1899 762 1963 membra
786 1900 887 1964 coisse
909 1900 1030 1964 feruntt

150 1996 182 2042 45
199 1981 283 2057 Quin
298 1983 408 2065 etiam,
423 1982 632 2066 Polypheme,
648 1984 717 2048 fera
732 1982 866 2048 Galatea
880 1984 938 2048 sub
952 1986 1058 2049 Aetna
1079 1998 1095 2045 5

242 2067 295 2130 Ad
315 2072 371 2131 tua
392 2071 537 2130 rorantes
560 2069 700 2131 carmina
721 2068 810 2132 flexit
831 2089 942 2152 equos:

200 2150 365 2235 Miremur,
387 2151 480 2214 nobis
503 2154 536 2214 et
556 2150 682 2216 Baccho
706 2156 738 2216 et
752 2154 903 2236 Apolline
926 2153 1052 2235 dextro,

241 2234 348 2298 Turba
369 2234 545 2318 puellarum
569 2237 595 2298 si
616 2257 687 2299 mea
708 2237 803 2300 verba
826 2235 922 2300 colit?

200 2318 292 2393 Quod
315 2340 383 2383 non
403 2319 566 2383 Taenariis
586 2319 697 2383 domus
725 2323 772 2383 est
797 2319 875 2384 mihi
900 2320 982 2384 fulta
1004 2322 1054 2384 oo‘·

741 2404 858 2468 lumnis

149 2498 183 2547 50
241 2487 309 2552 Nec
332 2509 456 2552 camera
477 2492 602 2553 auratas
624 2488 707 2551 inter
730 2488 847 2551 eburna
863 2453 989 2571 trabes,
1064 2501 1097 2550 ro

199 2570 267 2635 Nec
289 2593 359 2636 mea
379 2571 539 2637 Phaeacas
561 2575 698 2654 aequant
718 2572 860 2654 pomaria
886 2571 997 2653 silvas,

242 2655 318 2719 Non
340 2677 474 2739 operosa
494 2658 579 2740 rigat
600 2655 737 2719 Marcius
760 2659 850 2719 antra
871 2656 989 2738 liquor3

200 2743 245 2800 At
266 2739 376 2803 Musae
399 2740 530 2804 comites
553 2743 586 2804 et
608 2739 748 2802 carmina
770 2760 841 2802 cara
862 2737 997 2821 legenti,

242 2820 285 2884 Et
307 2822 430 2886 defessa
452 2823 556 2887 choris
579 2822 742 2904 Calliopea
764 2822 854 2885 meis.

152 2918 182 2965 oa
199 2903 388 2988 Fortunata,
411 2912 481 2970 meo
505 2907 595 2990 siqua
616 2928 649 2970 es
673 2905 830 2969 celebrata
851 2904 972 2967 libello!
1065 2920 1097 2969 ro

243 2987 392 3053 Carmina
414 2994 507 3053 erunt
527 2991 647 3054 formae
669 2992 718 3052 tot
740 2989 935 3051 monimenta
955 2990 1038 3052 tuae.

200 3072 284 3138 Nam
298 3095 400 3156 neque
415 3074 612 3157 pyramidum
628 3076 771 3155 sumptus
787 3073 827 3136 ad
843 3072 944 3136 sidera
965 3072 1064 3156 ducti,

242 3158 311 3223 Neo
333 3156 418 3222 Iovis
440 3157 512 3221 Elei
535 3158 655 3221 caelum
676 3157 801 3220 imitata
823 3157 948 3239 domus,

200 3241 268 3306 Nec
290 3242 446 3306 Mausolei
467 3241 554 3305 dives
575 3241 704 3305 fortuna
726 3241 885 3325 sepulchri

152 3338 185 3385 60
242 3326 355 3390 Mortis
378 3327 417 3390 ab
440 3328 579 3390 extrema
605 3325 791 3390 condicione
812 3329 936 3389 vacant.
1062 3339 1097 3388 20

201 3408 268 3472 Aut
290 3411 353 3473 illis
375 3410 502 3475 flamma
524 3413 578 3473 aut
599 3409 700 3473 imber
723 3410 875 3473 subducet
895 3409 1047 3493 honores,

243 3495 410 3560 Annorum
431 3499 487 3560 aut
506 3495 572 3560 ictu
593 3493 734 3580 pondera
755 3494 839 3558 victa
859 3498 961 3558 ruent.
1028 3540 1031 3544 ⁴
