2302 3922
272 494 499 597 ALBII
541 486 867 591 TIBVLLI

402 681 524 743 LIBER
545 678 742 751 QVARTVS.

173 888 354 958 lNOllRTI
379 886 595 956 AVGTORIS
621 886 906 956 PANueYRrev
906 887 929 955 S

459 987 725 1055 MESSALLAE.

93 1224 162 1323 Te,
176 1236 342 1321 Messalla,
357 1258 483 1322 canam3
521 1258 690 1321 uamqnam
703 1256 756 1302 me
771 1237 900 1323 cognita
914 1237 1014 1303 vnce

92 1323 219 1407 Terret,
241 1325 278 1387 ut
297 1321 442 1386 infirmae
462 1344 482 1385 v
515 1324 591 1386 eant
612 1322 782 1386 subsistere
804 1322 904 1405 vires,

92 1405 251 1490 Incipiam
271 1409 388 1470 tamen.
421 1406 583 1470 emeritis
605 1406 633 1470 si
654 1405 796 1470 carmine
815 1405 940 1489 laudeS,

93 1490 268 1555 Deficiunt:
290 1489 419 1553 humilis
442 1490 540 1554 tantis
562 1489 623 1554 sim
645 1489 791 1555 conditor
812 1490 908 1574 actis,

92 1573 162 1639 Nec
182 1576 239 1638 tua
259 1576 416 1658 praetento
439 1573 557 1638 chartis
578 1573 721 1638 intexere
743 1572 911 1656 quisquam
1041 1582 1058 1635 c

93 1657 194 1723 Facta
236 1661 325 1741 ucat,
348 1657 441 1722 dictis
463 1660 588 1722 utnon
608 1658 729 1723 maiora
750 1658 923 1741 supersint.

54 1760 65 1777 ·
92 1740 157 1807 Est
175 1679 271 1806 nohis
292 1742 431 1806 voluisse
453 1742 546 1825 satis,
567 1763 628 1807 nec
648 1762 781 1806 munera
801 1763 900 1825 parva

92 1825 274 1909 Respueris.
308 1826 404 1889 etiam
424 1825 554 1890 Phoebo
616 1826 758 1890 ctissime
780 1825 865 1889 dona

93 1909 170 1975 Ores
191 1909 281 1992 tulit,
304 1913 337 1973 et
358 1909 479 1973 cunctis
501 1909 587 1975 Bacc
611 1930 630 1973 o
651 1909 821 1976 iucundio'r
841 1908 959 1993 hospes

92 1992 219 2076 Icarus,
240 1995 278 2056 ut
297 2014 377 2077 puro
399 1995 559 2058 testantur
581 1994 683 2059 sidera
705 1993 792 2059 caelo
1025 2002 1059 2056 10

91 2075 297 2162 Erigoneque
320 2076 493 2160 (lanisque,
516 2080 614 2163 neget
634 2100 677 2143 ne
698 2077 827 2160 longior
847 2079 944 2141 aetas.

93 2160 179 2236 Quin
201 2162 299 2225 etiam
312 2161 457 2244 Alcides,
482 2162 559 2227 deus
581 2162 789 2227 adscensurus
805 2161 993 2244 Olympum,

91 2244 193 2309 Laeta
212 2243 406 2309 Molorcheis
427 2246 536 2329 posuit
556 2246 692 2329 vestigia
712 2245 822 2328 tectis,

93 2327 257 2412 Parvaque
279 2329 432 2393 caelestes
453 2331 594 2414 placavit
614 2331 710 2412 mica,
731 2350 791 2394 nec
813 2329 878 2393 illis

94 2410 225 2496 Semper
246 2413 392 2477 inaurato
413 2416 523 2478 taurus
546 2415 631 2478 cadit
650 2413 758 2479 hostia
779 2434 888 2478 cornu.
1025 2422 1059 2477 15

92 2494 158 2560 Hic
173 2517 297 2579 quoque
314 2497 356 2561 sit
370 2502 481 2583 gratiis
496 2520 610 2581 parvos
624 2497 730 2581 labor,
753 2501 791 2562 ut
804 2497 864 2561 tibi
877 2497 1000 2581 possim

92 2578 173 2643 Inde
194 2581 275 2644 alios
297 2580 439 2665 aliosque
459 2603 582 2646 memor
603 2602 665 2646 con
688 2603 784 2647 onere
805 2603 925 2646 versus.

135 2664 228 2761 Alter
250 2664 335 2728 dicat
356 2685 436 2749 opus
458 2666 568 2750 magni
589 2605 734 2731 mirahile
755 2666 884 2751 mundi,

93 2746 205 2822 Qualis
226 2749 261 2813 in
282 2749 429 2814 inmenso
451 2749 609 2815 desederit
629 2771 701 2816 aere
722 2751 833 2834 tellus,

93 2831 205 2905 Qualis
226 2833 314 2898 etin
335 2855 466 2899 curvum
486 2837 605 2918 pontus
627 2836 815 2899 confluxerit
836 2834 960 2916 orbem,
1024 2844 1059 2895 20

91 2913 137 2980 Et
158 2936 272 3001 vagus,
295 2938 313 2981 c
333 2918 427 2981 terris
449 2940 512 3002 qua
533 2939 662 3066 surffere
683 2919 812 3002 nitihn,
834 2940 904 3001 aer,

92 2996 178 3063 Huic
200 3003 232 3063 et
253 3004 420 3066 contextus
441 3003 561 3086 passim
605 3005 661 3066 uat
681 3003 795 3088 igneus
817 3002 941 3086 aether,

93 3079 312 3168 Pendentique
335 3107 429 3170 super
450 3086 638 3151 claudantur
659 3090 695 3150 ut
717 3087 825 3150 omnia
846 3087 951 3150 caelo:

91 3167 153 3250 At,
177 3168 394 3252 quodcumque
415 3192 504 3235 meae
518 3172 671 3255 poterunt
690 3170 804 3234 audere
819 3168 992 3252 Camenae,
1051 3186 1056 3195 ·

92 3246 156 3314 Seu
171 3252 231 3349 tihi
245 3273 302 3336 par
316 3256 468 3337 poterunt
488 3277 557 3337 seu,
579 3253 664 3337 quod
684 3274 756 3337 spes
771 3253 897 3337 abnuit,
917 3255 1002 3318 ultra
1022 3262 1055 3317 25

93 3331 167 3399 Sive
181 3358 287 3400 mrnus
303 3337 464 3421 (certeque
480 3342 595 3402 canent
608 3339 740 3423 minus),
755 3357 850 3402 omne
864 3359 1015 3403 vovemus

92 3413 164 3483 Hoc
186 3420 261 3503 tibi,
283 3442 343 3485 nec
364 3425 456 3486 tanto
480 3426 586 3487 careat
607 3421 687 3486 mihi
709 3422 850 3487 carmine
873 3422 991 3488 charta
