2302 3922
52 198 101 271 1.]
457 198 567 252 mnae
587 197 609 254 1.

96 358 142 424 llt
162 362 271 443 pateat
292 359 414 442 cupidis
437 380 561 443 semper
582 362 691 443 aperta
712 359 839 425 domus:

53 444 124 510 Nec
147 444 267 508 lasciva
289 464 378 507 soror
400 443 522 507 dicatur
542 444 635 525 plura
656 443 773 507 bibisse

96 527 216 593 Pocula
237 527 287 592 vel
308 527 414 611 plures
437 528 607 591 emeruisse
629 528 724 592 viros.

53 612 149 677 Illam
171 632 265 695 saepe
286 612 395 675 ferunt
416 610 561 675 convivia
582 611 695 675 ducere
716 611 858 695 Baccho,

96 694 183 761 Dum
203 701 276 760 rota
296 694 436 759 Luciferi
457 697 609 777 provocet
629 698 700 758 orta
721 695 821 760 diem:

54 780 117 845 Illa
137 780 227 844 nulla
248 782 343 862 queat
362 779 476 843 melius
498 800 682 844 consumere
703 782 830 844 noctem

96 866 165 929 Aut
185 885 315 948 operum
337 864 440 927 varias
463 863 656 945 disposuisse
677 864 771 927 vices.

53 950 101 1013 At
121 952 177 1012 tua
197 947 379 1031 perdidicit:
401 969 461 1010 nec
483 951 533 1030 tu,
556 947 757 1029 stultissime,
780 948 897 1029 sentis,
983 960 1017 1011 66

98 1030 180 1097 Cum
201 1032 261 1095 tibi
283 1052 349 1095 non
371 1032 466 1095 solita
488 1052 601 1113 corpus
623 1031 663 1094 ab
685 1034 753 1094 arte
773 1036 889 1097 movet.

54 1116 147 1181 Tune
167 1120 260 1199 putes
282 1116 371 1179 illam
391 1136 449 1198 pro
472 1119 503 1179 te
525 1114 691 1197 disponere
714 1116 817 1181 crines

97 1202 165 1264 Aut
185 1202 296 1264 tenues
319 1199 418 1263 denso
439 1201 565 1283 pectere
587 1199 681 1262 dente
704 1201 832 1263 eomas?

54 1284 133 1350 Non
153 1284 228 1366 tibi,
251 1284 306 1347 sed
328 1283 434 1347 iuveni
456 1283 581 1347 cuidem
602 1284 669 1347 volt
690 1283 774 1347 bella
795 1284 909 1366 videri,
984 1298 1016 1347 ‘11

99 1366 264 1433 Devoveat
283 1389 342 1451 pro
365 1389 427 1450 quo
449 1387 578 1450 remque
600 1367 790 1450 domumque
811 1373 910 1434 tuam.
984 1384 1016 1431 rc

54 1451 161 1518 Istaec
180 1452 350 1549 persuadet
371 1452 483 1533 facies,
505 1472 642 1533 auroque
665 1452 799 1517 lacertos
984 1468 1016 1515 oo

100 1534 231 1600 Vinc1at
253 1539 285 1600 et
307 1536 402 1619 Tyrio
424 1535 557 1619 prodeat
578 1540 653 1618 apta
675 1536 754 1600 sinn.
984 1552 1018 1599 70

54 1620 125 1685 Nec
146 1619 309 1684 fecithoc
330 1621 423 1702 vitio,
447 1620 502 1683 sed
525 1641 657 1703 corpora
677 1619 772 1685 foeda
791 1621 934 1707 podagra

98 1704 143 1768 Et
163 1704 247 1767 senis
270 1705 432 1786 amplexus
456 1704 540 1768 culta
561 1705 668 1787 puella
688 1705 782 1789 fugit.

55 1787 141 1853 Huic
152 1791 259 1852 tamen
274 1788 420 1852 accubuit
433 1792 543 1852 noster
557 1811 649 1872 puer:
665 1788 750 1853 hunc
765 1811 825 1874 ego
838 1791 963 1855 credam
985 1804 1017 1852 75

99 1870 181 1937 (lum
202 1872 344 1936 trucibus
366 1871 522 1937 Venerem
545 1874 676 1956 iungere
698 1895 791 1956 posse
814 1876 900 1939 feris.

29 1956 275 2021 'Blanditiasne
295 1977 380 2019 meas
403 1957 474 2020 aliis
495 1960 531 2020 tu
552 1957 687 2020 vendere
709 1979 742 2020 es
765 1958 881 2021 ausus?

99 2039 189 2105 Tune
210 2041 281 2104 aliis
303 2039 432 2104 demens
455 2040 562 2104 oscula
583 2041 665 2103 ferre
688 2042 780 2104 mea?

56 2124 139 2189 Tum
159 2124 266 2209 flebis,
289 2146 361 2188 oum
382 2146 433 2187 me
454 2125 596 2187 vinctum
618 2145 697 2207 puer
718 2125 798 2188 alter
819 2124 950 2189 habebit

97 2208 143 2275 Et
163 2213 254 2294 geret
274 2208 311 2272 in
330 2230 431 2293 regno
453 2229 553 2292 regne
575 2230 611 2271 su
635 2206 710 2271 erba
731 2212 795 2272 tuo.
985 2226 1018 2273 80

56 2295 103 2357 At
123 2296 180 2357 tua
199 2298 268 2358 tum
289 2314 341 2356 me
362 2314 466 2377 poena
487 2294 589 2376 iuvet,
611 2230 790 2375 l'enerique
812 2294 947 2358 merenti

100 2376 181 2441 Fixa
201 2381 293 2442 notet
315 2399 405 2442 casus
428 2399 521 2441 aurea
542 2377 649 2461 palma
670 2398 768 2441 meos.

57 2460 168 2525 ‘Hanc
188 2461 248 2524 tibi
269 2461 377 2525 fallaci
400 2463 557 2526 resolutus
580 2482 685 2525 amore
708 2461 852 2526 Tibullus

98 2542 234 2609 Dedicat
255 2548 287 2608 et
308 2550 400 2629 grata
422 2548 481 2629 sis,
505 2547 577 2629 deo,
599 2549 705 2609 mente
727 2550 844 2631 rogat!

512 2760 558 2833 X.

33 2958 37 2965 Ι
57 2878 135 2955 Quis
157 2881 232 2963 fuit,
255 2882 431 2946 horrendos
453 2884 574 2966 primus
597 2885 651 2967 qui
673 2885 806 2967 protulit
828 2886 941 2950 enses?

100 2962 202 3040 Quam
224 2965 311 3029 ferus
333 2970 365 3030 et
385 2988 457 3030 vere
479 2967 600 3031 ferreus
622 2968 677 3032 ille
699 2969 774 3033 fuit!

56 3045 139 3111 Tum
161 3050 271 3113 caedes
293 3050 459 3114 hominum
480 3054 605 3136 generi,
626 3055 695 3116 tum
717 3052 950 3136 proclianum,

98 3130 182 3196 Tum
203 3132 330 3198 brevior
352 3135 438 3199 dnae
459 3137 571 3200 mortis
594 3142 704 3220 apertu
724 3137 815 3201 viast.

54 3216 87 3279 A
108 3214 191 3279 nihil
212 3217 267 3281 ille
289 3220 384 3283 miser
406 3222 535 3284 meruit!
558 3242 618 3284 nos
641 3221 680 3284 ad
701 3221 787 3283 mala
807 3226 919 3285 nostra
1003 3234 1020 3283 5

97 3297 274 3384 Vertimus,
300 3303 335 3365 in
357 3323 464 3367 saevas
486 3304 570 3386 quod
593 3304 680 3367 dedit
700 3304 754 3366 ille
775 3304 870 3367 feras

55 3380 175 3448 Divitis
197 3384 259 3449 hoc
280 3386 425 3449 vitiumst
446 3390 529 3472 auri3
552 3410 612 3452 nec
634 3388 718 3452 bella
739 3388 882 3469 fuerunt,

97 3466 239 3553 Faginus
261 3469 409 3535 adstabat
431 3493 502 3536 cum
524 3472 662 3555 scyphus
684 3476 757 3535 ante
781 3471 892 3554 dapes,
