2302 3922
75 126 134 198 xi]
468 125 576 180 uranu
597 124 631 183 v.
976 116 1034 182 115

78 287 166 351 Picta
188 307 289 370 neque
310 285 440 351 inducto
463 284 608 371 fulgebat
628 307 738 369 panna
759 306 895 370 pyropo:

118 370 315 436 Praebebunt
337 372 420 436 caesi
445 370 547 434 baltea
569 370 655 435 lenta
675 369 783 434 boves.

76 454 194 519 Cossus
216 460 249 517 at
272 456 447 538 insequitur
469 453 612 518 Veientis
636 454 730 517 caede
751 452 916 534 Tolumni,

120 537 252 602 Vincere
274 559 346 602 cum
368 540 466 603 Veios
488 558 582 621 posse
603 537 722 601 laboris
745 541 820 619 erat,

74 622 143 687 Neo
167 622 241 685 dum
263 622 348 685 ultra
361 621 501 686 liberim
516 621 592 686 belli
607 640 714 701 sonus,
739 621 848 683 ultima
862 618 980 703 praeda
1000 630 1033 680 ab

116 703 312 783 Nomentum
334 708 367 768 et
389 708 499 789 captae
521 705 631 789 iugera
652 708 744 768 terna
766 703 875 768 Corae.

74 789 147 853 Heu
169 789 230 852 Vei
253 792 388 853 veteres!
412 792 444 852 et
465 809 522 853 vos
544 792 613 852 tum
633 809 733 874 regna
755 787 869 870 fuistis,

117 873 161 937 Et
183 876 287 937 vestro
309 874 445 956 positast
466 893 561 937 aurea
583 872 661 936 sella
682 872 768 936 foro:

75 956 170 1023 Nunc
192 957 276 1020 intra
297 977 405 1020 muros
426 957 564 1039 pastoris
586 955 702 1019 bucina
723 955 801 1019 lenti

119 1039 249 1122 llantat,
273 1040 358 1103 etin
381 1040 494 1103 vestris
518 1039 641 1103 ossibus
663 1060 737 1103 arva
758 1041 890 1103 metimt.
1000 1049 1035 1100 80

76 1122 172 1187 Forte
194 1144 287 1206 super
309 1125 418 1205 portae
441 1121 504 1186 dux
525 1120 623 1186 Veius
645 1122 748 1187 astitit
769 1143 873 1186 arcem
932 1188 935 1192 ,

120 1206 383 1289 Colloquiumque
405 1226 462 1269 sua
483 1205 583 1270 fretus
605 1206 644 1269 ab
666 1205 743 1270 urbe
766 1205 867 1270 dedit:

77 1290 223 1373 Dumque
246 1290 326 1353 aries
348 1311 473 1353 murum
496 1309 595 1353 cornu
615 1289 764 1372 pulsabat
785 1288 897 1373 aheno,

118 1374 222 1439 Vinea
243 1394 305 1456 qua
326 1373 454 1438 ductum
476 1373 573 1458 longa
594 1373 724 1457 tegebat
744 1394 833 1458 opus,

78 1456 196 1522 Cossus
218 1456 262 1520 ait
285 1457 373 1520 ‘forti
393 1457 506 1521 melius
529 1478 715 1522 concurrere
738 1464 873 1542 campo?
1003 1469 1036 1519 aa

118 1539 186 1606 Nec
208 1561 297 1605 mora
317 1541 363 1624 fit,
385 1541 482 1625 plano
505 1541 589 1605 sistit
610 1544 680 1606 uter
701 1563 741 1606 ue
761 1541 904 1628 gradum.

81 1624 120 1688 Di
141 1624 248 1690 Latias
270 1626 375 1690 iuvere
397 1647 520 1708 manus,
543 1625 669 1690 desecta
681 1563 833 1691 dolumni

120 1707 233 1774 Cervix
254 1708 417 1773 Romanos
440 1709 593 1805 sanguine
616 1709 693 1773 lavit
715 1731 821 1854 oppos.

78 1791 228 1858 Claudius
250 1790 426 1856 Eridanum
448 1795 597 1856 traiectos
618 1793 719 1855 arcuit
764 1795 847 1856 ostes
853 1840 863 1875 ,

121 1874 251 1958 Belgica
273 1875 324 1938 cui
345 1875 427 1939 vasti
448 1896 558 1957 parma
579 1874 679 1938 relata
700 1874 788 1939 ducis
1002 1888 1036 1938 40

78 1957 267 2024 Virdomari.
290 1978 391 2042 genus
412 1957 466 2022 hic
487 1956 600 2022 Rheno
622 1958 760 2022 iactabat
787 1959 827 2023 ab
849 1959 930 2043 ipsc,

120 2041 246 2106 Nobilis
261 2044 282 2123 †
297 2041 408 2105 erectis
429 2040 562 2105 fundere
583 2063 680 2126 gaesa
701 2042 787 2106 rotis.

79 2124 132 2191 llli
155 2127 292 2210 virgatas
314 2125 486 2189 maculanti
507 2126 662 2210 sanguine
683 2126 793 2191 bracas

122 2208 257 2293 Torquis
279 2209 319 2272 ab
341 2209 443 2273 incisa
465 2208 583 2273 decidit
602 2230 685 2274 unca
706 2210 792 2306 gula.

79 2292 175 2359 Nunc
197 2293 299 2376 spolia
327 2293 362 2356 in
387 2292 507 2375 templo
535 2293 596 2356 tria
624 2293 766 2357 conduc:
796 2314 889 2358 causa
916 2294 973 2359 Fe-

683 2378 761 2441 retri
1002 2390 1035 2440 45

123 2460 236 2524 Omine
259 2459 344 2543 quod
366 2462 451 2524 certo
475 2459 537 2523 dux
559 2460 634 2524 ferit
656 2482 730 2525 ense
752 2426 876 2525 ducem·

81 2544 144 2609 Seu
167 2544 240 2626 quia
260 2545 345 2607 victa
366 2543 431 2607 suis
453 2543 569 2608 umeris
590 2544 670 2609 haec
691 2566 778 2608 arma
799 2511 952 2628 sereliant,

121 2627 208 2692 Hinc
229 2626 350 2692 Feretri
372 2627 489 2692 dictast
509 2648 564 2691 ara
586 2628 721 2711 superba
741 2628 835 2693 lovis.

524 2841 587 2916 XI.

81 2961 210 3042 Desine,
233 2962 358 3046 Paullo,
380 2985 486 3028 meum
509 2963 647 3029 lacrimis
669 2985 782 3050 urgere
797 2962 1014 3047 sepulchrum:

123 3045 277 3110 Panditur
300 3046 339 3110 ad
360 3047 464 3111 nullas
486 3048 581 3112 ianua
602 3048 694 3132 nigra
714 3069 834 3131 preces.

82 3128 162 3195 Cum
186 3130 284 3193 semel
306 3130 446 3194 infernas
469 3130 629 3195 intrarunt
650 3132 761 3195 funera
783 3131 885 3216 leges,

122 3212 199 3277 Non
221 3216 349 3277 exorato
373 3216 460 3276 stant
482 3214 649 3278 adamante
671 3214 749 3279 viae.

82 3296 127 3361 Te
148 3297 223 3361 licet
245 3299 388 3361 orantem
409 3296 516 3361 fuscae
539 3297 615 3362 deus
637 3295 744 3361 audiat
764 3299 868 3362 aulae:
1019 3294 1040 3362 δ’

123 3380 247 3466 Nempe
268 3385 339 3446 tuas
361 3381 506 3445 lacrimas
527 3381 637 3446 littora
651 3379 745 3447 surda
765 3381 885 3447 bibent.

853 3483 887 3538 81

1007 3662 1120 3748 {affl

987 3781 1003 3819 r·

959 3830 1004 3863 :J
