2302 3922
230 214 234 236 =
302 271 306 285 Ι
371 188 562 253 caunum
584 188 715 251 canti.
734 200 778 256 63.
1014 193 1055 256 41

134 359 183 420 lbi
203 359 334 419 Somnus
354 361 484 420 excitam
504 361 592 419 Attin
611 360 734 438 fugiam
753 360 833 420 citus
854 361 944 421 abiit:

136 440 331 523 Trepidante
351 461 419 503 enm
440 445 561 523 recepit
582 442 640 504 dea
659 444 804 504 Pasithea
825 446 903 508 sinu.

134 527 182 587 lta
202 527 242 587 de
262 528 366 605 quiete
388 525 474 586 molli
494 526 601 606 rapida
622 530 690 587 sine
711 529 798 587 rabie

69 620 105 673 45
134 609 232 670 Simul
251 612 320 690 lpse
338 619 468 690 pectore
492 612 573 671 Attis
601 631 656 672 sua
674 611 756 671 faeta
776 607 921 683 recoluit,

135 692 329 775 Liquidaque
351 702 455 755 mente
476 694 554 755 vidit
573 696 640 755 sine
661 696 749 773 queis
769 696 885 773 ubique
905 695 999 771 foret,

135 780 247 838 Animo
266 785 425 839 aestuante
443 797 547 838 rosum
569 776 703 838 reditum
725 777 764 839 ad
782 778 858 838 vada
877 778 991 842 tetulit.

74 893 81 900 ·
136 863 183 923 ibi
203 864 299 922 maria
318 869 403 922 vasta
423 863 525 922 visens
542 860 773 922 lacrimantibus
795 862 904 940 oculis,

136 946 272 1007 Patriam
293 944 424 1006 allocuta
445 953 590 1006 maestast
608 948 653 1008 ita
673 964 748 1006 voce
769 947 934 1009 miscriter.

59 1034 107 1092 '50
136 1030 254 1090 ‘Patria
276 1049 293 1089 o
314 1031 375 1090 mei
396 1031 546 1108 creatrix,
566 1032 704 1110 patrino
725 1047 793 1089 mea
813 1032 965 1108 genetrix,

135 1114 202 1191 Ego
225 1123 314 1192 quam
335 1115 429 1173 miser
450 1113 648 1192 relinquens,
671 1113 810 1173 dominos
831 1120 865 1173 ut
879 1115 1039 1196 herifugae

129 1196 256 1279 'Famuli
277 1195 396 1276 solent,
417 1196 456 1257 ad
477 1198 549 1258 Idae
570 1197 661 1258 tetuli
682 1216 808 1257 nemora
829 1196 953 1278 pedem,

136 1282 180 1343 Ut
202 1288 275 1363 aput
298 1283 399 1341 nivem
421 1287 455 1341 et
474 1282 610 1342 ferarum
632 1279 734 1359 gelida
755 1280 875 1342 stabula
895 1278 1017 1342 forem*

135 1365 178 1425 Et
197 1383 302 1425 earum
324 1366 425 1425 omnia
443 1365 559 1426 adirem
580 1365 746 1427 furibunda
764 1364 903 1444 latibula,

70 1459 105 1509 55
135 1450 268 1510 Ubinam
289 1457 340 1509 aut
363 1451 472 1528 quibus
492 1448 570 1510 locis
589 1459 621 1509 te
642 1451 789 1531 positam,
816 1453 932 1531 patria,
958 1456 1055 1514 reor?

137 1533 230 1613 capit
251 1535 317 1612 ipsa
336 1531 450 1613 pupula
471 1533 510 1593 ad
529 1542 562 1594 te
582 1534 640 1594 sibi
661 1532 798 1611 dirigere
817 1537 925 1612 aciem,

23 1617 26 1621 ’
135 1617 233 1677 Rabie
254 1617 322 1676 fera
343 1636 451 1677 carens
473 1616 544 1678 dnm
564 1620 659 1678 breve
678 1625 799 1698 tempus
820 1620 935 1680 animus
956 1630 1012 1682 est.

135 1701 243 1778 Egone
264 1721 281 1760 a
304 1719 372 1760 mea
393 1710 511 1762 remota
531 1704 607 1761 haee
627 1701 712 1761 ferar
732 1703 765 1761 in
784 1720 911 1762 nemora
930 1704 1042 1765 domo?

136 1784 257 1862 Patria,
278 1786 384 1861 bonis,
404 1787 525 1862 amieis,
548 1787 738 1864 genitoribus
759 1787 875 1846 abero‘i

68 1877 106 1931 60
133 1870 238 1928 Abero
257 1868 344 1945 foro,
364 1867 530 1947 palaestra,
549 1869 647 1929 stadio
670 1876 703 1928 et
720 1871 904 1948 gymnasiis?

136 1952 235 2012 Miser
257 1951 295 2011 ah
316 1953 425 2030 miser,
455 1952 646 2032 querendum
666 1959 715 2012 est
736 1955 828 2013 etiam
851 1962 941 2031 atque
963 1957 1055 2016 etiam

613 2037 734 2096 animei.

137 2119 230 2195 Quod'
241 2121 323 2180 enim
336 2139 433 2200 genus
445 2122 608 2199 figuraest,
629 2139 686 2198 ego
700 2139 763 2198 non
778 2118 860 2198 qnod
873 2121 1055 2181 habuerim?

135 2204 202 2285 Ego
218 2203 339 2282 mulier,
362 2223 419 2283 ego
435 2204 627 2281 adolescens,
648 2222 705 2282 ego
722 2205 870 2282 ephebus,
892 2222 950 2280 ego
965 2224 1053 2283 puer,
1096 2196 1099 2203 ’

136 2288 203 2365 Ego
220 2289 357 2367 gymnasi
378 2289 424 2348 fni
444 2290 519 2366 flos,
541 2307 598 2367 ego
624 2306 708 2347 eram
729 2286 823 2346 decus
844 2286 922 2345 olei:

69 2383 106 2438 65
134 2371 216 2431 Mihi
234 2374 342 2432 ianuae
363 2373 561 2451 frequentes,
580 2372 656 2431 mihi
676 2370 782 2431 limina
802 2368 918 2449 tepida,

137 2455 218 2515 Mihi
238 2456 357 2517 floridis
380 2455 506 2516 corollis
527 2455 671 2516 redimita
692 2454 798 2515 domus
821 2462 898 2532 erat,

136 2537 350 2618 Linquendnm
370 2541 423 2600 ubi
445 2547 530 2600 esset
550 2547 619 2601 orto
640 2541 715 2599 mihi
736 2538 810 2598 Sole
828 2536 1010 2599 cubiculum.

134 2622 201 2700 Ego
223 2644 304 2684 nuno
325 2623 415 2684 deum
433 2625 573 2684 ministra
594 2632 627 2684 et
647 2621 781 2703 Cybeles
802 2621 916 2684 famula
935 2623 1042 2682 ferar?

135 2707 203 2785 Ego
224 2707 368 2786 Maenas,
390 2727 448 2786 ego
470 2710 531 2768 mei
552 2727 640 2787 pars,
662 2726 719 2786 ego
737 2709 786 2767 vir
807 2707 923 2769 sterilis
944 2707 1022 2767 ero?

73 2799 113 2854 70
132 2791 198 2869 Ego
220 2791 328 2852 viridis
340 2792 446 2872 algida
466 2791 537 2852 ldae
559 2793 628 2851 nive
649 2792 758 2850 amiota
776 2790 843 2852 looa
865 2790 985 2851 oolam?

135 2876 202 2953 Ego
225 2877 317 2937 vitam
339 2896 423 2954 agam
444 2878 500 2936 sub
523 2873 594 2935 altis
614 2876 769 2954 Phrygiae
789 2874 1002 2952 columinibus,

135 2960 198 3020 Ubi
220 2979 309 3034 cerva
331 2959 528 3047 silvicultrix,
550 2961 602 3020 nbi
621 2979 696 3040 aper
716 2959 950 3037 nemorivagus?

73 3038 78 3055 ⁸
136 3043 198 3103 Iam
219 3045 279 3104 iam
299 3044 386 3105 dolet
426 3044 488 3105 uod
509 3045 575 3123 egi,
596 3045 656 3103 iam
677 3044 799 3122 iamque
821 3045 982 3122 paenitet!
1016 3067 1023 3081 ³

135 3125 245 3185 Roneis
265 3132 301 3186 ut
321 3128 393 3188 huic
406 3066 537 3188 ⁴iabollis
557 3147 650 3188 sonus
672 3126 774 3188 editus
796 3128 881 3204 abiit,

72 3217 111 3274 75
134 3209 279 3270 Geminas
310 3213 417 3272 matris
449 3209 488 3269 ad
508 3230 597 3272 aures
620 3233 697 3272 nova
718 3213 826 3272 nuntia
846 3211 999 3286 referens,

135 3295 183 3355 lbi
202 3297 303 3355 vincta
323 3297 394 3375 iuga
413 3293 573 3355 resolvens
595 3294 713 3374 Cybelo
732 3295 876 3356 leonibus

134 3378 330 3458 Laevumque
350 3381 474 3460 peeoris
495 3379 616 3438 hostem
635 3377 795 3440 stimulans
816 3381 860 3439 ita
879 3377 1026 3456 loquitur.

136 3462 301 3541 ‘Agedum'
309 3466 411 3543 inquit
422 3463 586 3542 ‘ageierox
596 3463 618 3540 i,
632 3461 701 3521 face
714 3469 749 3520 ut
761 3463 842 3523 hune
849 3463 938 3522 furor
950 3461 1055 3538 agitet,
