2302 3922
94 251 136 315 66
281 246 472 311 cliuum
491 245 622 308 cunii.
637 255 680 309 80.
692 255 736 309 81.
748 255 792 309 62.
806 255 849 310 83.
862 255 906 310 85.

524 409 667 476 LXXX.
782 447 785 457 ‹

178 496 263 602 (inid
284 528 400 605 dicam,
420 526 522 607 Gelli,
543 547 638 607 quare
659 545 750 588 rosea
770 529 830 588 ista
847 526 964 591 labella

218 614 357 674 Hiberna
375 613 452 672 fiant
471 611 649 673 candidiora
669 612 758 682 nive,
968 681 974 689 ,

176 698 270 758 Mane
292 696 381 757 domo
403 716 470 756 cum
493 697 558 756 exis
580 702 612 756 et
634 715 702 756 cum
723 702 756 753 te
777 700 883 754 octava
905 697 1009 774 quiete

215 781 243 840 E
262 779 349 841 molli
368 776 462 858 longo
484 782 610 840 suscitat
630 780 708 839 hora
729 777 803 839 diei
847 833 849 838 ,

140 876 157 927 5
177 863 288 924 Nescio
311 862 386 943 quid
407 869 494 929 certe
516 870 579 923 est:
602 883 639 924 an
661 880 735 923 vere
755 862 836 929 frma
855 870 994 924 susurrat

182 992 188 999 .
215 946 351 1008 Grandia
371 955 403 1007 te
423 943 518 1007 medii
539 954 626 1007 tenta
645 964 755 1006 vorare
775 946 857 1005 viri?

178 1030 229 1091 Sic
251 1038 338 1091 certe
360 1037 423 1091 est:
445 1029 578 1090 clamant
597 1031 735 1093 Victoris
755 1035 847 1110 rupta
864 1028 979 1091 miselli

216 1115 287 1192 Ilia,
310 1122 343 1176 et
364 1113 481 1175 emulso
500 1115 586 1176 labra
606 1119 712 1176 notata
731 1132 812 1173 sero.

485 1241 692 1252 Ι..--.------

508 1291 671 1357 LXXXI.

174 1381 316 1474 Nemone
334 1413 367 1471 in
388 1417 473 1470 teuto
494 1413 596 1490 potuit
616 1409 730 1490 populo
752 1429 837 1488 esse,
858 1411 992 1491 inventi,

214 1494 321 1555 Bellus
342 1495 449 1572 homo,
473 1511 563 1570 quem
583 1501 618 1552 tu
636 1493 768 1573 diligere
787 1495 962 1574 inciperes,

173 1581 395 1657 Praeterquam
415 1579 476 1637 iste
496 1584 567 1636 ιιιιι
587 1577 770 1637 moribunda
791 1599 809 1637 a
829 1577 904 1639 sede
922 1580 1043 1641 Pisauri

214 1664 336 1742 Hospes
355 1663 495 1721 inaurata
514 1658 662 1741 pallidior
682 1667 799 1738 statum,
843 1726 845 1730 ¹

138 1758 155 1810 5
177 1746 236 1822 Qui
256 1747 316 1806 tibi
329 1764 410 1804 nuno
433 1742 520 1804 cordi
537 1750 603 1822 est,
621 1763 713 1822 quem
732 1750 767 1804 ιιι
787 1755 980 1826 praeponere
1000 1750 1088 1808 nohis

213 1829 336 1908 Audes,
359 1834 392 1888 et
410 1829 513 1888 nescis
535 1826 618 1905 quod
638 1828 756 1888 facinus
775 1829 880 1889 iacias.

461 2003 463 2010 '
495 2019 674 2085 Lxxxn.

172 2108 300 2218 (luno,
320 2141 347 2200 si
367 2139 426 2198 tibi
445 2140 490 2198 vis
513 2138 617 2199 oculos
638 2137 756 2200 debere
777 2139 930 2202 Catullum

213 2226 276 2284 Aut
292 2222 375 2284 aliud
394 2225 422 2283 si
443 2220 516 2301 quid
537 2225 637 2283 carius
658 2228 707 2283 est
727 2223 841 2302 oeulis,

171 2309 305 2389 Eripere
327 2310 357 2368 ei
378 2306 459 2385 noli,
481 2305 578 2367 multo
600 2306 683 2384 quod
705 2310 805 2369 carius
825 2305 876 2368 illi

212 2391 270 2454 list
291 2390 388 2451 oeulis
408 2392 453 2450 sei
473 2390 547 2469 quid
569 2391 668 2450 carius
690 2398 739 2452 est
759 2391 867 2452 oculis.

488 2569 685 2635 LXXXIIL
797 2627 800 2634 .

85 2687 93 2702 '
170 2657 288 2751 liesbia
307 2692 349 2751 mi
369 2697 533 2772 praesente
553 2692 620 2750 viro
640 2690 720 2751 maia
739 2694 872 2773 plurime
892 2692 983 2756 dicit:

211 2775 297 2834 Haec
317 2773 367 2833 illi
387 2773 472 2833 fatuo
493 2775 621 2834 maxima
640 2771 760 2837 laetitia
782 2784 839 2842 est.

170 2857 277 2933 Mule,
298 2855 378 2917 nihil
399 2859 504 2918 sentis.
527 2859 554 2918 si
573 2859 673 2918 nostri
694 2857 790 2921 oblita
809 2868 948 2943 taceret,

62 2960 64 2964 ·
210 2941 290 3001 Sana
311 2946 409 3000 esset:
430 2959 511 2999 nuuc
530 2941 613 3020 quod
633 2944 739 3021 gannit
758 2951 791 3005 et
811 2945 1005 3027 obloquitur,

133 3034 150 3084 5
170 3024 239 3084 Nou
253 3022 353 3085 solum
367 3025 521 3102 meminit,
543 3022 614 3101 red,
632 3044 709 3103 quae
725 3027 820 3089 multo
842 3033 943 3092 acrior
960 3039 1008 3094 est
1022 3049 1085 3111 res,

209 3108 290 3168 irate
311 3114 369 3170 est.
395 3110 465 3172 Hoc
477 3115 541 3185 est,
563 3110 664 3168 uritur
685 3118 718 3169 et
737 3109 887 3192 loquitur.

485 3288 678 3355 LXXXIV.

168 3373 361 3470 Chommoda
382 3410 520 3491 dicebat,
543 3414 569 3473 si
589 3412 709 3492 qnando
729 3416 887 3479 commodo
907 3416 1004 3479 vellet

202 3492 333 3574 Dicere,
358 3501 391 3555 et
410 3496 537 3556 insidias
556 3498 666 3557 Arrius
686 3501 849 3582 hinsidias,
