2302 3922
92 194 154 264 m]
470 198 578 253 LIBER
598 198 633 255 V.

136 356 231 421 Lucis
254 360 286 422 et
307 359 452 422 auctores
473 380 541 425 non
562 358 637 424 dare
659 381 787 425 carmen
809 382 892 427 aves.

93 440 251 507 Noctibus
273 441 416 506 hibernis
439 443 612 507 castrensia
632 465 732 527 pensa
752 445 862 509 laboro

136 525 180 589 Et
200 525 297 609 Tyria
318 526 353 589 in
373 526 480 590 radios
502 527 620 591 vellera
641 530 727 592 secta
749 550 832 612 suos,

93 608 137 675 Et
159 609 262 692 disco,
285 630 348 692 qua
368 613 460 693 parte
482 610 560 675 fluat
580 611 754 676 vincendus
775 614 913 690 Araxes,
1023 625 1057 675 85

137 692 224 768 Quot
245 694 313 758 sine
336 715 418 777 aqua
438 694 577 759 Parthus
603 695 693 759 milia
715 700 820 760 currat
841 719 950 781 equus,

95 777 139 844 Co
165 798 202 840 or
224 780 256 841 et
278 798 295 840 e
317 778 425 843 tabula
446 779 550 862 pictos
573 778 712 844 ediscere
734 781 882 863 mundos,

136 798 244 936 dualis
268 859 398 926 ethaeo
420 861 506 926 docti
528 863 570 926 sit
590 864 735 947 positura
757 863 821 947 dei,

94 944 180 1021 Quae
202 946 297 1009 tellus
320 945 362 1009 sit
382 945 470 1009 lenta
490 947 582 1031 gelu,
612 969 693 1031 quae
713 948 816 1031 putris
838 948 878 1012 ab
901 951 1000 1032 aestu,

137 1029 260 1094 Ventus
281 1029 316 1092 in
337 1028 463 1093 Italiam
485 1032 539 1114 qui
561 1032 641 1095 bene
663 1032 734 1095 vela
754 1032 846 1095 ferat.
1023 1045 1057 1094 40

93 1113 230 1178 Adsidet
250 1135 315 1176 una
337 1134 437 1197 soror,
462 1115 544 1178 curis
566 1118 599 1178 et
619 1115 738 1199 pallida
757 1116 865 1179 nutrix

136 1197 262 1261 Peiorat
282 1196 408 1260 hiberni
429 1199 583 1281 temporis
605 1220 673 1262 esse
694 1221 811 1264 moras.

94 1281 184 1347 Felix
205 1281 395 1364 Hippolyte!
423 1281 510 1346 nuda
532 1283 606 1346 tulit
628 1304 715 1346 arma
736 1283 856 1367 papilla

137 1364 181 1428 Et
201 1365 283 1428 texit
304 1366 397 1449 galea
417 1365 553 1430 barbara
574 1366 671 1431 molle
693 1369 797 1451 caput.

95 1448 248 1514 Romanis
270 1450 393 1513 utinam
414 1449 593 1534 patuissent
615 1452 718 1514 castra
738 1451 869 1535 puellis!
1023 1463 1056 1512 45

137 1533 252 1597 Essem
273 1533 406 1598 militiae
429 1535 554 1599 sarcina
574 1534 638 1599 fida
658 1536 747 1618 tuae,

95 1616 163 1683 Nec
185 1639 236 1681 me
256 1617 420 1681 tardarent
441 1617 591 1701 Scythiae
612 1619 697 1703 iuga,
720 1640 791 1684 cum
812 1622 903 1703 pater
925 1618 1005 1683 altas

138 1701 288 1766 Aetheria
310 1703 345 1765 in
366 1702 502 1787 glaciem
523 1703 642 1787 frigore
664 1704 765 1768 nectit
786 1725 893 1786 aquas.

96 1785 208 1850 Omnis
224 1807 313 1850 amor
326 1807 477 1871 magnus,
501 1787 557 1850 sed
572 1790 682 1871 aperto
697 1787 732 1851 in
748 1789 884 1872 coniuge
897 1787 1014 1851 maior:

137 1869 232 1932 Hanc
252 1870 377 1951 Venus,
400 1872 436 1933 ut
457 1870 543 1933 vivat
549 1919 558 1952 ,
581 1871 716 1934 ventilat
736 1872 807 1954 ipsa
828 1871 940 1934 facem
1020 1882 1054 1932 50

96 1952 181 2018 Nam
202 1951 282 2015 mihi
303 1952 388 2034 quo?
411 1951 527 2016 Poenis
549 1953 608 2016 tibi
628 1974 769 2037 purpura
783 1954 907 2038 fulgeat
921 1953 1015 2017 ostris

138 2034 375 2119 crystallusque
396 2057 484 2100 meas
511 2040 604 2101 ornet
630 2057 748 2120 aquosa
769 2059 890 2102 manue.

96 2121 212 2186 Omnia
234 2119 329 2184 surda
349 2122 471 2203 tacent,
494 2120 635 2204 rarisque
657 2121 787 2185 adsueta
807 2121 952 2185 kalendis

138 2206 202 2268 Vix
224 2204 328 2287 aperit
350 2205 472 2268 clausos
493 2226 558 2268 una
578 2205 685 2289 puella
706 2205 797 2288 lares,

96 2288 267 2354 Glaucidos
290 2291 322 2352 et
337 2289 458 2352 catulae
473 2310 535 2353 vox
557 2292 606 2353 est
626 2287 705 2352 mihi
719 2291 811 2374 grata
825 2289 1001 2373 querentis:
1025 2301 1057 2352 56

137 2373 198 2437 Illa
219 2372 267 2437 tui
287 2376 410 2456 partem
434 2373 573 2436 vindicat
592 2394 657 2436 una
677 2375 758 2437 toro.

95 2457 196 2523 Flore
212 2457 330 2521 sacella
352 2460 445 2542 tego,
468 2457 615 2521 verbenis
638 2457 777 2540 compita
797 2458 883 2541 velo,

137 2539 182 2605 Et
203 2543 312 2624 crepat
332 2540 372 2604 ad
392 2543 514 2605 veteres
535 2539 635 2605 herba
657 2540 775 2606 Sabina
794 2540 893 2606 focos.

97 2623 169 2690 Siva
191 2625 227 2688 in
247 2625 385 2689 finitimo
407 2624 530 2709 gemuit
551 2627 641 2689 stans
663 2627 781 2689 noctua
801 2626 904 2711 tigno,

38 2710 44 2719 '
140 2709 202 2774 Seu
223 2709 325 2773 voluit
345 2709 436 2793 tangi
457 2729 554 2792 parca
575 2709 705 2772 lucerna
724 2730 827 2793 mero,
1024 2722 1058 2770 60

96 2793 156 2858 Illa
177 2794 244 2858 dies
266 2791 376 2858 hornis
400 2792 527 2858 caedem
549 2792 716 2858 denuntiat
737 2794 844 2878 agnis,
938 2861 943 2866 ,

139 2877 361 2961 Succinctique
384 2879 491 2942 calent
512 2877 552 2942 ad
573 2899 657 2942 nova
679 2877 767 2942 lucra
811 2899 899 2961 opae.

95 2960 160 3043 Ne,
183 2983 305 3045 precor,
327 2963 466 3027 ascensis
488 2961 572 3026 tanti
593 2961 635 3026 sit
656 2961 759 3046 gloria
779 2901 913 3045 dactris,

137 3043 280 3128 Raptave
303 3046 435 3111 odorato
460 3047 589 3111 carbasa
609 3045 677 3110 lina
698 3046 771 3110 duci

96 3130 249 3194 Plumbea
272 3150 343 3192 cum
363 3131 466 3194 tortae
488 3132 682 3215 sparguntur
703 3095 845 3213 pondera
865 3128 991 3212 fimdae,
1025 3141 1057 3192 65

140 3212 298 3278 Subdolus
321 3216 353 3277 et
373 3214 473 3277 versis
495 3215 642 3296 increpat
663 3234 754 3277 arcus
777 3212 875 3295 equis.

97 3297 157 3363 Sed
181 3300 249 3382 (tua
271 3298 317 3360 sio
340 3296 469 3360 domitis
490 3297 627 3362 Parthae
649 3296 772 3360 telluris
794 3297 931 3362 alumnis

137 3380 222 3445 Pura
242 3380 473 3464 triumphantes
494 3379 587 3445 hasta
609 3382 758 3463 sequatur
778 3382 891 3466 equos)

97 3467 286 3550 incorrupta
306 3466 370 3529 mei
392 3486 545 3530 conserva
565 3463 695 3529 foedera
716 3464 800 3528 lecti.

872 3565 906 3619 ΙΙ.

815 3651 838 3680 ⁴3
854 3650 871 3679 οι
