2348 3922
1051 159 1114 216 XIII

56 312 314 385 .'.·prooequm
357 311 458 384 proed.
504 350 507 354 ι
663 310 797 367 mesodus
915 275 927 288 '
1002 313 1085 387 epod.

135 391 321 506 βπ
390 451 408 506 9
534 451 550 505 6
593 447 610 504 6
659 462 678 501 n
729 463 748 500 n
802 453 834 505 11
877 454 909 506 ll
1031 453 1049 510 9

93 519 95 523 ’
150 533 209 589 inv.
230 532 303 603 virg.
370 532 428 586 iuv.
528 542 557 584 v.
595 530 615 583 i.
654 546 681 584 v.
732 530 750 584 i.
802 546 831 586 v.
882 532 901 586 i.
1011 534 1069 589 iuv.

194 630 253 688 Sed
263 647 299 687 ne
309 629 334 684 is
346 628 458 700 quidem
473 645 531 684 rem
541 626 711 701 profligavit
744 630 808 685 Mea
820 631 958 685 sententia
971 647 1017 687 res
1029 633 1068 688 ita
1082 650 1113 688 se

107 717 206 774 habet:
229 712 347 770 Carmen
373 715 558 785 compositum
575 720 618 769 est
642 713 796 785 estrophis
815 718 842 768 et
867 720 1063 786 quaternorum
1087 724 1113 773 et

109 802 257 880 quinorum
272 813 421 866 versuum,
442 796 579 875 accedunt
593 813 695 854 versus
707 798 887 877 Intercaiarcs
903 801 950 855 vel
964 790 1112 874 ἐπιφωνή-

107 903 185 960 puro
195 883 233 939 ibi
244 887 350 939 tanturn
361 886 485 959 cantata,
495 882 548 937 'ubi
561 881 735 937 hernichoria
746 882 887 954 virginum
899 888 926 937 et
936 883 1069 938 iuvenum
1081 901 1113 939 se

101 969 263 1040 excipiunt,
284 981 371 1037 quare
388 964 426 1019 ad
448 965 652 1037 eurhythmiam
670 965 802 1022 carminis
827 966 866 1021 nil
884 968 1044 1037 conferunt,
1062 967 1114 1023 sed

108 1059 187 1109 extra
206 1050 383 1122 stropharum
400 1050 615 1105 concinnitatem
634 1050 769 1105 collocata
786 1054 858 1106 sunt.
892 1049 1013 1109 Schema
1031 1051 1113 1108 totIus

109 1136 241 1195 carmInis
253 1149 393 1206 apponam
874 1158 877 1163 ·

506 1231 529 1285 II
544 1237 595 1286 str.
608 1232 718 1286 anroeb.

493 1321 691 1386 quaternorum
704 1330 732 1371 v.

512 1476 514 1481 Ι
568 1405 679 1490 ι-ῥιο,

149 1654 233 1709 llstr.
245 1653 304 1708 iuv.
480 1650 543 1705 VIII
556 1656 604 1706 sir.
617 1647 726 1707 amoeb.
918 1650 942 1704 ΙΙ
954 1655 1001 1706 str.
1014 1651 1070 1707 IuV.

109 1745 306 1811 quaternorum
316 1752 344 1790 v.
513 1735 660 1807 quinorum
671 1751 700 1790 v.
875 1740 1073 1806 quaternorum
1084 1751 1112 1790 v.

119 1874 126 1887 .
157 1825 281 1905 „11-19
544 1823 670 1906 eo—se.
814 1853 816 1857 ,
914 1822 1054 1899 ‚ee-eo.

122 1934 128 1963 .'
137 1936 147 1963 ,Ι

87 2016 92 2023 -
123 1978 126 1983 ’
154 1926 172 2043 e⁴
193 1974 315 2046 Medium
326 2003 451 2057 carmen,
467 2004 521 2059 quo
534 1987 661 2058 virgmes
671 1986 830 2059 vesperum
842 1992 984 2057 accusant,
997 1986 1113 2042 iuvenes

110 2073 271 2143 detendunt,
283 2074 405 2130 continet
420 2072 483 2127 VIII
501 2070 631 2142 strophas
647 2068 795 2142 quInorum
813 2087 954 2141 versuum,
971 2086 1041 2142 quas
1056 2072 1114 2126 vir-

108 2160 192 2230 giues
211 2163 239 2213 et
253 2159 371 2214 iuvenes
388 2157 544 2212 alternassm
566 2160 687 2211 cantant.
723 2157 781 2211 Eae
799 2157 840 2211 sic
865 2155 1019 2226 dispositae
1036 2161 1114 2210 sunt:

41 2299 43 2303 .
90 2239 93 2244 ’
108 2248 159 2298 etr.
172 2231 208 2312 α’,
220 2248 276 2299 ant.
288 2230 324 2310 α’,
336 2247 385 2296 str.
399 2228 436 2314 β’,
450 2244 506 2295 ant.
522 2225 559 2314 β,
572 2243 619 2294 str.
631 2227 668 2313 γ’.
687 2245 734 2295 str.
755 2226 789 2308 δ’,
805 2244 860 2294 ant.
872 2230 908 2313 γ’,
919 2243 976 2293 ant.
990 2231 1025 2307 δ’,
1038 2238 1076 2292 ita
1087 2244 1116 2294 ut

109 2325 240 2398 strophas
251 2327 377 2398 puellae,
389 2321 578 2394 antistrophas
588 2324 670 2394 pueri
680 2329 793 2379 canent.
826 2321 1004 2378 Praevertunt
1022 2327 1050 2376 et
1070 2336 1114 2377 se·

107 2416 235 2484 petuntur
251 2410 335 2467 binae
356 2408 488 2480 strophae
501 2414 699 2478 quaternorum
712 2423 845 2463 versuum
857 2424 874 2462 a
884 2407 953 2462 soIIs
966 2406 1115 2461 iuvenibus

110 2500 247 2552 cantatae.
272 2494 387 2551 Orditur
401 2500 487 2550 totum
499 2508 612 2548 carmen
624 2509 641 2548 a
653 2492 762 2548 duabus
775 2489 897 2563 strophis
915 2495 1115 2562 quaternorum

108 2595 254 2646 versuum,
270 2579 370 2650 quibus
385 2579 504 2633 iuvenes
518 2583 545 2633 et
561 2578 687 2649 virgines
706 2576 744 2631 ad
760 2581 901 2632 certarnen
919 2591 949 2630 se
967 2573 1117 2630 exhortan-

109 2668 162 2720 tur.
174 2691 217 2702 —
234 2661 355 2719 Versum
371 2667 408 2721 33
421 2661 549 2733 Namque
563 2667 608 2717 tuo
626 2662 744 2716 adventu
762 2661 854 2733 ospitat
868 2659 993 2716 cetetodic
1007 2672 1117 2729 semper

109 2763 165 2819 ego
179 2746 262 2802 tribui
272 2747 439 2818 virginibus,
449 2746 548 2817 quibus
561 2752 604 2801 est
615 2752 829 2811 consentaneae,
841 2759 961 2814 namque
973 2742 1117 2798 exoriente

108 2829 237 2902 Hespero
250 2830 407 2886 cavendum
420 2847 485 2886 csse
496 2829 592 2885 dicunt
603 2830 745 2902 virgines,
761 2845 797 2883 ne
810 2829 882 2883 iurta
897 2828 973 2885 fiant.
1001 2827 1074 2880 Ante
1092 2831 1119 2879 et

107 2914 261 2987 posthunc
271 2930 385 2970 versum
397 2914 497 2969 lacuna
513 2919 565 2983 cst,
580 2931 633 2969 nec
650 2919 725 2969 certo
744 2912 892 2968 diiudicari
910 2917 1017 2983 potest,
1035 2926 1116 2981 quem

110 2999 204 3055 locum
222 2998 376 3070 instropha
387 2999 527 3070 virginum
538 3014 639 3053 versus
657 2998 703 3053 ille
722 2997 849 3054 tenuerit.
874 2996 933 3051 Hoc
950 3001 1042 3050 tamen
1059 3009 1119 3049 eer-

10 3138 15 3161 ,
109 3087 169 3143 tom
186 3085 414 3154 exploratumque
428 3089 505 3153 puto,
523 3098 579 3137 non
595 3084 691 3153 plures
706 3082 736 3136 in
750 3081 806 3136 hac
828 3079 942 3151 stropha
962 3095 1045 3150 quam
1060 3083 1118 3132 tres

10 3226 26 3247 ν
97 3173 251 3239 ¹vqsusct
267 3165 626 3223 intercalaremexcidisse.
643 3165 675 3221 In
692 3164 881 3235 antistrophe,
899 3179 982 3235 quarn
999 3163 1118 3218 iuvenes

10 3250 48 3281 ⁸²
102 3244 230 3321 quirunt,
247 3251 328 3306 deest
337 3267 439 3308 versus
455 3252 576 3323 primus,
594 3252 679 3307 ceteri
696 3253 767 3306 bene
785 3249 888 3306 servati
906 3252 1034 3304 sunt-
1053 3246 1118 3300 Post

102 3328 188 3390 'vers
200 3339 235 3393 41
248 3351 332 3391 unum
348 3351 463 3392 versum
481 3336 620 3391 iuteriisse
638 3336 755 3390 arbitror
775 3349 837 3388 curn
853 3331 875 3387 F
877 3329 1041 3399 roehlichio,
1055 3334 1119 3399 post

110 3421 146 3477 42
157 3418 302 3491 Hauptiue.
313 3447 355 3460 -
373 3420 404 3476 In
423 3414 537 3492 stropha
549 3420 718 3491 paenultima
736 3434 821 3473 unum
832 3431 948 3471 versum
960 3414 1061 3470 deesse
1075 3418 1118 3468 to-
