2302 3922
93 220 142 292 V.]
475 222 583 276 LIBER
604 223 625 276 I.
1034 214 1055 278 5

94 384 109 448 I
158 405 257 448 enuus
280 384 365 448 calor
387 386 419 447 et
440 384 548 447 multis
571 384 665 446 decus
688 382 809 445 artibus
833 384 864 445 et
886 402 965 464 quae

167 468 259 532 audie
281 469 339 531 sub
361 469 458 531 tacita
480 468 593 531 ducere
614 468 703 531 veste
725 466 817 529 libet:

94 553 164 628 Quo
186 552 289 636 magis
312 555 344 615 et
364 555 492 615 nostros
514 551 680 615 contendis
703 551 825 613 solvere
847 570 980 632 amores,
1024 560 1055 610 15

135 636 207 700 Hoc
229 637 332 719 magis
354 639 484 719 accepta
504 635 589 698 fallit
609 640 740 716 uterque
762 633 833 696 fide.

93 719 170 785 Non
191 721 310 804 inpune
332 719 430 784 feres:
454 718 532 782 sciet
553 718 631 782 haee
653 719 767 781 insana
788 717 895 800 puella

136 803 180 867 Et
201 804 261 867 tibi
282 824 350 868 non
371 804 478 866 tacitis
500 803 631 866 vocibus
653 801 756 865 hostis
779 801 854 865 erit:

93 887 163 952 Nec
184 887 245 951 tibi
266 909 318 950 me
339 886 513 984 posthaec
536 887 704 949 conmittet
725 884 864 967 Cynthia
885 905 945 948 nee
966 887 998 948 te

137 970 288 1046 Quaeret:
310 974 370 1034 ent
391 971 473 1033 tanti
495 970 639 1033 criminis
662 970 718 1032 illa
739 990 870 1050 memor,
1023 980 1056 1028 20

93 1054 138 1119 Et
158 1058 191 1119 te
214 1056 332 1119 circum
355 1076 465 1119 omnes
488 1054 565 1116 alias
587 1054 668 1116 irata
688 1053 812 1136 puellas

136 1137 286 1202 Differet:
310 1138 372 1202 heu
394 1139 483 1201 nullo
506 1137 615 1200 limine
638 1158 727 1200 carus
750 1137 821 1200 eris.

93 1221 208 1286 Nullas
230 1222 286 1285 illa
308 1223 372 1285 suis
396 1224 579 1287 contemnet
599 1221 725 1285 fletibus
748 1242 827 1301 arae,

136 1305 181 1369 Et
223 1305 390 1389 uicumque
413 1327 509 1387 sacer,
533 1305 635 1387 qualis
667 1305 793 1387 ubique,
816 1304 907 1387 lapis.

94 1388 171 1453 Non
191 1328 257 1453 iilo
280 1391 408 1486 gravius
429 1391 604 1471 temptatur
626 1353 766 1470 (lynthia
787 1387 913 1469 damno,
1023 1397 1056 1447 25

139 1472 245 1553 Quam
268 1474 329 1536 s1bi
352 1494 423 1537 cum
445 1476 536 1556 rapto
561 1477 663 1536 cesset
684 1494 790 1535 amore
813 1472 898 1552 deus,

94 1557 269 1641 Praecipue
290 1560 410 1621 nostro.
441 1559 568 1621 maneat
589 1557 634 1620 sie
657 1578 790 1639 semper,
813 1554 919 1635 adoro,

136 1640 205 1706 Neo
227 1641 394 1724 quicquam
416 1663 454 1705 cx
475 1641 531 1704 illa
552 1639 636 1722 quod
659 1661 771 1722 querar
792 1639 960 1739 inveniam.

549 1855 592 1925 V.

94 1975 216 2057 Invide,
239 1979 273 2040 tu
295 1975 424 2039 tandem
446 1997 540 2039 voces
563 1997 718 2059 conpesce
739 1975 891 2038 molestas

136 2059 180 2122 Et
202 2059 271 2123 sine
292 2081 352 2122 nos
375 2081 478 2142 cursu,
502 2081 564 2143 quo
587 2081 704 2140 sumus,
727 2060 773 2122 ire
794 2079 896 2142 pares.

97 2142 181 2218 Quid
202 2143 262 2207 tibi
284 2144 341 2226 vis,
364 2144 498 2207 insane?
521 2165 611 2207 meae
633 2143 750 2207 sentire
772 2141 915 2206 furores?

136 2225 263 2309 Infelix,
285 2248 438 2310 properas
460 2227 573 2291 ultima
594 2249 689 2291 nosse
710 2226 794 2290 mala

94 2309 138 2373 Et
159 2311 254 2374 miser
276 2312 405 2394 ignotos
426 2312 562 2395 vestigia
582 2313 665 2375 ferre
686 2333 743 2394 per
764 2311 856 2394 ignes
1039 2319 1056 2370 5

136 2393 180 2457 Et
200 2394 309 2458 bibere
332 2416 348 2458 e
370 2397 440 2459 tota
461 2397 567 2459 toxica
588 2395 760 2458 Thessalia.

93 2476 170 2541 Non
192 2481 241 2541 est
262 2479 317 2541 illa
337 2479 428 2561 vagis
451 2479 562 2542 similis
585 2480 702 2542 collata
723 2477 853 2561 puellis:

137 2561 280 2625 Molliter
302 2562 396 2625 irasci
418 2583 486 2626 non
508 2563 587 2627 sciet
608 2563 664 2626 ill-a
685 2563 754 2626 tibi.

95 2644 187 2719 Quod
210 2647 238 2708 si
258 2646 343 2710 forte
364 2646 428 2709 tuis
449 2667 518 2709 non
539 2649 588 2710 est
609 2646 768 2709 contraria
789 2644 882 2726 votis,

136 2729 182 2791 At
202 2729 262 2792 tibi
285 2750 430 2793 curarum
451 2730 541 2817 milia
563 2733 682 2812 quanta
704 2729 805 2793 dabit!
1023 2739 1056 2789 10

94 2810 171 2875 Non
192 2813 252 2876 tibi
273 2814 337 2876 iam
359 2834 499 2895 somnos,
520 2834 586 2877 non
608 2813 664 2876 illa
684 2813 843 2896 relinquet
865 2812 998 2876 ocellos:

135 2894 197 2959 Illa
216 2896 303 2961 feros
326 2897 441 2960 animis
464 2896 585 2981 adligat
605 2919 669 2960 una
690 2898 784 2961 viros.

93 2978 133 3062 A,
156 3001 227 3044 mea
249 2983 450 3064 contemptus
473 2981 619 3063 quotiens
643 2981 682 3044 ad
703 2981 815 3044 limina
838 3000 953 3062 curres,

137 3061 217 3127 Cum
239 3065 299 3128 tibi
322 3065 467 3148 singultu
488 3064 583 3128 fortia
604 3065 701 3128 verba
722 3065 846 3146 cadent,

93 3147 138 3210 Et
157 3149 311 3212 tremulus
332 3149 461 3211 maestis
480 3149 602 3213 orietur
623 3148 749 3212 fletibus
771 3146 895 3227 horror,
1023 3157 1055 3208 15

135 3230 180 3294 Elt
200 3232 297 3296 timor
318 3233 491 3296 informem
513 3232 606 3296 ducet
626 3232 662 3294 in
683 3253 737 3295 ore
758 3234 879 3311 notam,

93 3314 137 3379 Et
158 3337 372 3399 quaecumque
393 3316 480 3380 voles
502 3317 629 3400 fugient
648 3315 709 3379 tibi
729 3314 826 3379 verba
847 3313 1001 3396 querenti,

134 3398 204 3464 Nec
226 3401 355 3483 poteris,
378 3400 433 3483 qui
455 3400 498 3463 sis
520 3403 575 3464 aut
596 3399 660 3482 ubi,
682 3420 778 3464 nosse
800 3397 904 3460 miser.

92 3483 175 3546 Tum
197 3505 293 3568 grave
316 3484 480 3548 servitium
500 3487 629 3547 nostrae
652 3503 766 3567 eogere
786 3481 912 3566 puellae
