2302 3922
279 173 489 237 ‘curuum
512 174 644 239 GARM.
668 191 834 253 ιιι-ιιι.
1026 183 1068 250 73

151 346 202 405 llii
222 346 339 423 magni,
359 346 454 405 facite
472 352 507 405 ut
527 364 600 406 vere
620 349 804 426 promittere
824 352 938 430 possit,
977 336 982 352 “

194 431 297 508 Atque
318 426 351 487 id
373 431 495 489 sincere
518 427 600 488 dicat
623 436 656 489 et
677 449 715 491 eu
737 435 854 512 aalma,

116 523 133 575 5
153 514 196 574 Ut
216 513 309 573 liceat
329 515 418 573 nobis
439 519 505 572 tota
524 512 699 593 perducere
718 517 780 577 vita

193 599 364 657 Aeternum
384 598 444 657 hoc
465 603 588 656 sanctae
607 597 717 658 foedus
738 602 898 663 amicitiae.
1006 613 1008 619 “

529 788 601 852 ΟΧ.

153 875 315 987 ᾹιιίίΙοιιιι,
336 912 435 970 bonae
454 928 576 990 semper
596 908 760 970 laudantur
782 913 910 972 amicae:

194 995 359 1073 Accipiunt
379 995 531 1074 pretium,
554 1011 632 1072 qnae
654 993 758 1054 lacere
777 995 951 1056 instltuunt.

153 1077 218 1154 Tu,
241 1077 323 1156 quod
344 1079 502 1158 promisti,
527 1078 603 1137 mihi
625 1075 707 1155 quod
727 1079 855 1138 mentita
874 1080 997 1140 inimica
1018 1099 1068 1159 es,

194 1161 283 1237 Quod
305 1181 363 1222 nec
386 1160 439 1221 (las
460 1180 519 1221 nec
540 1161 622 1239 fers,
645 1178 738 1241 saepe
758 1162 834 1221 lacis
854 1162 983 1223 facinus.

117 1256 134 1308 5
153 1247 216 1304 Aut
235 1245 341 1306 facere
355 1247 507 1324 ingenuae
529 1251 593 1323 cst,
615 1251 667 1304 aut
686 1264 749 1304 non
762 1248 913 1326 promisse
927 1246 1067 1328 pudicae,

194 1328 353 1409 Aufilena‚
373 1330 448 1389 luit:
470 1327 526 1389 sed
547 1327 794 1409 ‹lata'corripere

60 1472 63 1476 ,
151 1411 335 1487 Fraudando
358 1415 468 1473 officiis
489 1411 669 1492 plusquam
687 1414 862 1474 meretricis
882 1434 1005 1493 armac,

197 1499 280 1573 Quae
302 1517 372 1558 sese
393 1504 460 1558 toto
483 1514 614 1576 corpore
633 1498 802 1576 prostituit.

526 1689 615 1754 CXI.

156 1777 318 1889 Aufilena‚
339 1812 404 1870 viro
427 1817 601 1871 contentam
621 1812 724 1871 vivere
745 1807 829 1887 solo,

195 1895 364 1974 Nuptarum
384 1891 451 1954 laus
472 1913 490 1955 e
512 1894 653 1965 laudibus
673 1894 807 1954 eximtis:
863 1929 864 1932 =
964 1932 967 1938 ,

157 1976 218 2039 Sed
236 1979 331 2038 cuivis
354 1980 488 2057 quamvis
504 1980 606 2059 potius
625 1979 824 2038 succumbere
845 1996 901 2056 par
921 1982 985 2054 est,

65 2052 68 2063 “
198 2063 295 2138 Quam
315 2070 444 2123 matrem
463 2062 577 2122 fratrea
598 2063 763 2140 concipere
781 2078 819 2120 ex
838 2057 957 2140 patruo.

470 2187 671 2198 -—---

517 2252 624 2317 cxli.

159 2335 280 2432 Multus
294 2373 384 2433 homo
400 2380 448 2434 est
465 2373 544 2433 Naso
563 2391 622 2432 nec
635 2377 737 2432 tecum
751 2369 862 2431 multus
880 2363 970 2428 lromo
986 2366 1001 2404 *
1015 2366 1071 2429 sed

197 2456 382 2517 Descendit:
403 2458 500 2535 Naso,
522 2455 635 2516 multus
654 2474 688 2515 es
709 2461 742 2516 et
763 2454 912 2536 pathicus.

508 2662 632 2728 omn.
742 2730 749 2743 ,

159 2748 300 2840 Consule
320 2780 466 2860 Pompeio
488 2783 620 2862 primum
640 2778 717 2857 duo,
737 2759 854 2854 Cinna}
873 2774 1013 2835 solebant

190 2861 217 2923 .*
235 2864 378 2924 Mecilia:
399 2865 481 2924 lacto
504 2863 630 2925 consule
650 2882 731 2922 nnnc
751 2863 864 2921 iterum

157 2949 341 3009 Mensorunt
362 2947 440 3026 duo,
462 2947 518 3008 aed
540 2953 705 3008 creverunt
725 2944 823 3005 millia
842 2945 874 3003 ln
896 2961 989 3002 unum

202 3031 336 3110 Singula.
364 3031 529 3092 fecundum
550 3050 656 3091 semen
677 3028 838 3090 adulterio.

510 3222 630 3287 CXIV.

158 3307 323 3403 Firmanus
345 3342 425 3403 saltu
444 3363 507 3403 non
526 3339 606 3402 falso
627 3337 769 3400 Mentula
790 3337 874 3397 dives

201 3429 331 3506 Fertur,
354 3428 406 3506 qui
427 3433 475 3488 tot
491 3445 547 3487 res
567 3427 601 3484 in
622 3441 656 3483 se
676 3424 771 3482 habet
791 3420 947 3498 egregias,
