2302 3922
1000 178 1077 237 XVll

62 348 914 424 0000000001ωο00-351Λ30000οἰ0000030001ιὶος
921 353 1071 428 01000100,

60 438 123 493 dties'
134 434 345 491 Lachmannus.
352 463 393 473 -
401 431 628 505 nolenterque
638 435 748 503 sonant]
755 435 904 508 leniterque
913 445 1014 495 sonam
1022 438 1071 508 lis,

58 523 315 592 bvbcrquesonant
320 518 353 588 Ρ,
360 517 400 573 Ρο
407 517 439 584 F,
445 518 538 573 temer
550 523 651 573 sonunt
662 516 777 588 GCLP¹
791 518 825 592 D,
836 520 929 577 tenter
939 529 1074 579 resonant

59 606 120 676 Gu„
129 604 190 659 teni
198 601 532 673 ramantvutgotrvaer
541 603 628 658 solent
640 601 818 671 cun-ato.
833 602 880 661 Sic
893 601 1004 683 mmihi]
1016 613 1071 662 turn

57 690 87 756 G,
98 695 160 744 tram
175 689 206 757 P1
218 688 251 755 Ρ,
263 685 315 756 Gu¹
328 684 381 755 Gn,
392 685 433 741 Pu
443 685 503 740 MF
515 687 609 757 vulgo,
620 701 683 741 cum
692 687 740 755 Dr,
751 687 798 743 abt
814 686 835 744 G
851 689 871 743 L
888 689 910 744 D
928 705 1026 762 margo
1037 691 1070 758 G,

55 772 247 844 ibiBerglsius
265 770 399 825 coniecit:
417 767 544 825 conflatis
562 771 640 825 hisce
657 770 759 842 scripsi
779 777 835 826 tum
848 773 893 840 ibi,
913 789 978 830 nam
993 774 1071 847 quod

58 862 98 914 est
109 859 141 914 in
154 854 301 911 codicibus
312 854 454 909 nonnullis
464 853 518 918 tibi,
535 853 565 909 id
582 855 645 909 sine
663 854 720 909 ulla
738 854 908 912 dubitatione
925 864 1014 914 ortum
1028 864 1071 914 est

57 942 178 997 elisione
190 933 275 1015 dunt)
286 938 331 994 tbi
339 941 451 996 -aso
468 934 539 1004 Ouct
554 937 687 994 Thessala
698 937 844 1010 Hauptius,
854 956 924 1015 quos
935 941 996 999 libri
1010 943 1071 1014 ple·

58 1027 135 1097 rique
148 1028 177 1079 et
191 1023 288 1094 vulgo,
307 1023 384 1096 qnod
398 1021 446 1077 Dr.
463 1049 507 1061 -
522 1026 583 1082 383.
600 1023 638 1078 In
656 1022 787 1078 drbtr'rwbs
802 1023 824 1078 G
843 1023 864 1080 G
880 1028 912 1097 P¹
930 1027 962 1096 Ρ,
977 1026 1069 1096 (rust

59 1111 153 1183 vulgo,
174 1107 335 1163 marcas
349 1106 372 1161 D
389 1107 410 1161 L
425 1107 467 1161 Pu
483 1105 513 1160 M
530 1104 583 1176 Gu¹
600 1106 807 1162 Lachmannus.
822 1136 865 1147 —
880 1114 940 1169 285.
954 1107 1070 1167 Peneios

10 1232 12 1242 ·
60 1193 160 1266 scripsi
172 1190 270 1247 cumD
287 1189 325 1244 Dr
341 1189 371 1247 Μ
387 1189 450 1261 Gu„
463 1190 563 1261 perses
580 1195 626 1245 aut
635 1193 735 1263 penius
751 1191 851 1262 reliqui
871 1193 942 1251 libri.
953 1221 996 1232 —
1007 1198 1068 1254 288.

60 1276 117 1334 torn
131 1289 240 1334 menos
250 1274 400 1345 Bergtius,
415 1274 478 1331 Non
489 1288 575 1330 aenos
590 1272 613 1328 G
629 1273 691 1342 GL,
709 1275 865 1332 Nonacrius
881 1277 913 1345 Ρ,
931 1277 959 1331 Μ
979 1277 1067 1349 60,Ι)

59 1361 86 1435 Ρ,
101 1362 155 1429 Ρο,
173 1359 337 1415 Nonacrius
356 1357 418 1428 Gn„
432 1373 488 1414 non
503 1372 609 1414 vacuus
624 1359 722 1430 vulgo.
741 1390 783 1399 -
799 1365 862 1421 303.
883 1360 1025 1434 Posquonr
1044 1362 1067 1416 n

60 1445 209 1519 Bergkius,
227 1437 377 1516 postquam
394 1443 492 1514 vulgo.
510 1471 552 1482 -
568 1441 671 1512 Nives's]
694 1445 815 1501 tortasse
832 1448 932 1501 niveos.
953 1474 990 1485 -
1003 1449 1066 1505 309.

60 1528 146 1586 nosco
157 1524 264 1602 niveae]
279 1527 415 1585 annoso
429 1526 560 1599 vulpina,
574 1541 678 1583 annoso
695 1528 728 1585 E.
744 1526 901 1599 Schulzius,
916 1543 1014 1586 roseae
1023 1533 1065 1585 nt·

60 1629 100 1670 teo
116 1611 289 1683 Doeringius
302 1611 330 1667 h.
349 1627 373 1664 e.
391 1609 554 1680 residebant
569 1627 729 1684 purpureae
747 1612 833 1669 vittae
850 1614 955 1669 vertice
971 1615 1065 1671 senili.

60 1727 96 1739 -
111 1702 177 1757 32⁰·
202 1696 334 1753 Vettentes
356 1695 471 1764 vellera]
488 1696 622 1767 pellentes
644 1696 705 1752 libri
725 1703 753 1752 et
774 1696 923 1768 editiones,
941 1699 1067 1754 retentes

59 1781 209 1854 bergkius.
221 1784 335 1839 -330
353 1777 433 1846 Quae
452 1779 500 1834 300·
510 1779 587 1850 flexo
603 1783 696 1836 cnirno
715 1785 986 1838 mentis...amorens
1003 1782 1065 1838 libri

60 1881 163 1933 omnes,
183 1865 335 1936 flexanimo
356 1870 525 1919 mentem...
538 1879 632 1920 umore
654 1866 757 1938 vulgo,
774 1880 848 1939 qnae
869 1872 894 1922 ta
911 1866 1065 1937 [inanimo

58 1952 151 2006 nenas
160 1949 293 2020 proponit
307 1947 512 2003 Lachmanuus.
523 1976 565 1986 —
575 1952 636 2007 344.
649 1948 746 2020 Campi
754 1951 805 2020 Pu,
816 1966 914 2023 margo
926 1951 956 2017 L,
970 1952 1065 2022 vulgo,

56 2035 156 2090 lacuna
177 2035 206 2087 in
220 2032 253 2100 l),
270 2038 349 2087 tenen
369 2030 391 2086 G
404 2029 467 2100 GL,
485 2023 548 2088 teuc'
570 2032 631 2103 Gu„
650 2035 743 2088 trunci
766 2034 795 2102 Ρ,
815 2034 859 2106 G„
874 2036 965 2089 teucri
977 2035 1006 2088 M
1020 2035 1063 2104 Ρ,,

56 2121 104 2174 n'oi
113 2119 198 2174 lt·-
205 2120 267 2176 353.
279 2115 475 2187 Praecerpens
485 2117 525 2171 Pu
537 2116 634 2187 vulgo,
645 2131 820 2188 procernens
831 2118 854 2171 D
872 2117 918 2185 Dr,
925 2131 1064 2187 prosecr-

55 2217 120 2259 nens
135 2203 184 2258 vel
197 2214 374 2272 procernens
385 2199 408 2256 G
420 2199 441 2256 G
452 2200 472 2254 L
483 2200 512 2255 M
528 2200 558 2270 P¹
578 2198 641 2268 uu„
667 2201 799 2256 Fortasse
809 2205 993 2272 prosternens
1010 2199 1064 2270 Gu¹

55 2294 81 2342 ut
90 2303 182 2343 versu
193 2290 255 2344 355.
271 2314 313 2324 -
329 2288 390 2343 355.
406 2281 627 2340 ProsternensG
643 2282 663 2339 G
678 2286 698 2340 L
715 2283 737 2338 D
755 2286 797 2354 Ρ,,
816 2289 982 2356 posternens
1000 2282 1062 2353 Gn„

49 2376 210 2444 prosternet
226 2370 258 2437 Ρ,
276 2369 317 2423 Ρο
332 2368 361 2423 M
379 2367 442 2438 Gu,.
484 2370 551 2424 Post
567 2367 643 2423 huno
668 2384 783 2424 versum
801 2368 918 2439 spatium
942 2384 1064 2423 vacuum

54 2457 136 2511 unius
148 2471 250 2510 versus
264 2458 307 2509 est
317 2454 347 2507 in
360 2454 403 2524 Ρ,,
424 2481 462 2493 -
477 2457 539 2512 303.
560 2452 667 2509 Terrae
682 2468 720 2510 ex
733 2454 805 2509 celso
818 2453 916 2510 Aetius
934 2457 961 2508 et
976 2452 1064 2525 Berg-

52 2536 127 2608 ln'us,
143 2544 217 2594 teres
231 2538 340 2593 carebo
351 2537 414 2593 libri
426 2542 454 2591 et
464 2536 614 2594 editiones.
625 2567 668 2579 -
676 2543 737 2598 368.
749 2531 915 2611 Mutescent]
926 2539 1065 2594 ndescent

52 2622 73 2678 D
89 2623 124 2691 F,
141 2622 297 2678 madescent
311 2621 334 2678 G
353 2622 374 2679 G
399 2622 428 2677 M
444 2622 586 2692 P1P,'l>r,
603 2623 765 2678 madescant
785 2623 847 2693 Gn„
864 2621 1011 2693 madefient
1027 2638 1064 2677 ex

52 2709 214 2763 coniectura
220 2707 306 2777 vulgo
319 2713 345 2761 et
357 2704 419 2776 Gu‚.
435 2705 549 2782 Gonieci
558 2712 723 2763 mutescant.-
735 2724 801 2763 nam
813 2713 973 2779 expugnata
979 2705 1064 2761 Troia

52 2809 108 2864 vox
129 2790 227 2848 audita
244 2796 288 2847 est
304 2807 321 2846 e
339 2792 443 2846 tuurulo
460 2791 580 2847 Achillis
596 2791 722 2863 praedae
737 2798 845 2863 partem
862 2791 915 2847 sibi
930 2789 1062 2861 flagitans

50 2878 191 2946 iussitque
204 2873 322 2932 Calchas
335 2879 414 2930 vates
423 2874 597 2946 Polyxenam
609 2877 755 2945 immolari,
767 2892 822 2947 quo
841 2877 913 2930 tacto
930 2875 1063 2930 obmutuit

50 2963 98 3017 illa
115 2976 178 3018 vox
194 2960 256 3028 vel,
266 2965 297 3015 ut
311 2958 435 3015 Catullus
452 2960 504 3028 ait,
518 2963 714 3016 obmutuerunt
731 2961 862 3031 sepulcra
879 2959 955 3014 unde
966 2957 1063 3012 audita

49 3051 103 3101 est
125 3044 261 3100 Fabulam
274 3043 391 3099 tradidit
401 3043 482 3101 Serv.
496 3043 614 3100 adAcn.
626 3049 653 3112 3,
663 3049 724 3103 300.
734 3046 842 3102 -371,
853 3044 914 3101 373.
925 3041 1061 3097 Interhos

19 3156 20 3197 3
49 3145 156 3184 versus
172 3143 235 3182 meo
254 3127 368 3200 quidem
383 3129 518 3184 arbitratu
534 3129 636 3185 lacuna
653 3137 697 3184 est
718 3129 801 3183 unius
818 3142 928 3183 versus.
946 3152 990 3165 —-
1009 3127 1063 3184 378

18 3214 20 3223 “
50 3228 169 3268 versura
186 3212 382 3268 intercalarem
401 3213 483 3268 uncis
505 3215 620 3283 inclusi,
642 3213 784 3285 Berglsius
806 3226 916 3282 quoque
936 3209 1061 3280 spurium

52 3312 121 3352 eum
132 3312 197 3352 esse
208 3296 365 3353 arbitratur.
390 3296 525 3359 Constant
536 3298 610 3352 enim
622 3296 754 3368 strophae
766 3310 801 3350 ex
813 3293 956 3366 quaternis
971 3291 1061 3348 versi-

52 3382 116 3448 bus,
134 3382 234 3453 quibus
253 3380 429 3454 subiungitur
443 3397 549 3438 versus
566 3383 752 3446 intercalaris,
766 3379 821 3434 nisi
837 3376 914 3449 quod
929 3377 972 3432 bis
990 3373 1060 3430 ordo

69 3533 74 3545 ι
120 3494 304 3560 ciconus.
428 3526 431 3532 ·
858 3510 876 3566 b
