2302 3922
52 190 102 262 n]
459 190 567 245 ninus
587 190 610 247 n
981 185 1024 250 23

51 352 184 417 Interea
205 350 272 415 Pax
294 372 370 414 arva
392 351 486 414 colat.
517 350 585 414 Pax
606 351 740 415 candida
761 352 899 435 primum
989 362 1024 411 45

98 434 200 499 Duxit
222 438 365 498 araturos
388 434 446 498 sub
468 434 544 518 iuge
567 435 673 517 panda
694 436 806 517 boves,

54 520 123 585 Pax
145 520 224 584 aluit
244 519 325 582 vites
348 522 381 582 et
402 538 495 581 sucos
518 517 660 581 condidit
681 541 775 601 urae,

99 603 261 667 Funderet
282 605 318 665 ut
338 605 416 666 nato
438 603 522 665 testa
543 605 677 684 paterna
698 625 835 666 merum:

57 686 142 753 Pace
163 686 275 749 bidens
297 707 467 769 vomerque
490 685 614 769 vigent,
638 690 671 748 at
692 687 797 750 tristia
819 686 889 751 duri

99 770 213 835 Militis
236 770 270 833 in
291 769 432 833 tenebris
454 777 589 852 occupat
611 791 699 834 arma
721 771 809 835 situs.
989 780 1026 831 50

402 895 421 934 *
652 896 670 933 tl=

529 942 547 980 *

55 1021 208 1089 Rusticus
230 1041 248 1084 e
269 1022 404 1103 lucoque
426 1020 529 1100 vehit,
551 1021 636 1084 male
658 1020 782 1085 sobrius
805 1021 889 1104 ipse,

99 1104 242 1171 onrem
262 1105 405 1189 plaustro
427 1104 678 1187 progeniemque
700 1104 839 1168 domum.

55 1189 123 1257 Sed
137 1187 272 1253 Veneris
293 1192 371 1252 tunc
391 1187 476 1251 bella
494 1188 612 1268 calent,
636 1188 813 1272 scissosque
829 1189 962 1271 capillos

101 1272 236 1338 Femina
256 1272 430 1355 perfractas
454 1272 719 1355 conqueriturque
740 1272 840 1336 sores:

56 1356 133 1423 Flet
153 1359 279 1420 teneres
302 1356 433 1420 subtusa
454 1377 569 1441 genes,
592 1355 647 1419 sed
668 1356 771 1420 victor
793 1359 825 1420 et
846 1357 914 1440 ipse
990 1365 1026 1417 55

103 1440 178 1505 Flet
199 1438 262 1503 sibi
283 1439 445 1504 dementes
467 1444 533 1503 tem
555 1440 691 1503 valuisse
712 1461 836 1505 manus.

57 1526 106 1590 At
128 1524 265 1589 lascivus
286 1523 388 1586 Amor
409 1524 496 1587 rixae
517 1524 603 1586 mala
623 1524 721 1588 verba
741 1524 918 1607 ministret,

101 1608 191 1673 Inter
213 1609 245 1671 et
266 1606 384 1670 iratum
406 1607 510 1670 lentus
532 1610 701 1689 utrumque
724 1609 821 1676 sedet.

59 1694 109 1774 A,
131 1692 213 1774 lapis
236 1692 285 1755 est
298 1691 493 1773 fenumque,
515 1711 604 1754 suam
619 1691 808 1773 quicumque
822 1692 963 1775 puellam

102 1774 272 1840 Verberat:
296 1796 313 1837 e
335 1774 422 1838 caelo
445 1773 561 1856 deripit
581 1774 636 1850 ille
659 1774 744 1838 deos.
991 1787 1027 1837 60

58 1858 111 1925 Sit
132 1860 209 1923 satis
231 1880 248 1921 e
269 1857 419 1921 membris
440 1860 569 1920 tenuem
589 1857 769 1922 rescindere
790 1863 926 1942 vestem,

104 1942 154 2007 Sit
175 1942 253 2005 satis
276 1944 407 2005 ornatus
430 1940 613 2005 dissoluisse
636 1962 759 2025 comae,

60 2026 111 2093 Sit
132 2025 277 2091 lacrimas
298 2025 436 2089 movisse
459 2025 550 2089 satis:
594 2028 684 2089 nater
705 2026 759 2089 ille
782 2027 893 2090 beatus

104 2108 174 2184 Quo
194 2111 305 2172 tenera
325 2110 406 2173 irato
428 2108 504 2171 flere
525 2046 631 2190 pubila
651 2112 769 2191 potest.

58 2192 127 2259 Sed
140 2192 287 2256 menibus
303 2193 358 2275 qui
374 2213 484 2255 saevus
500 2192 574 2273 erit,
597 2196 784 2274 scutumque
799 2193 972 2277 sudemque
993 2204 1027 2256 cb

103 2275 136 2341 Is
157 2279 248 2359 gerat
269 2276 402 2341 etmihi
423 2276 466 2339 sit
487 2275 599 2357 procul
621 2296 640 2337 a
660 2273 794 2339 Venere.

59 2360 108 2426 At
129 2360 222 2423 nobis
228 2408 238 2440 ,
260 2361 327 2424 Pax
349 2361 447 2442 alma,
470 2359 542 2423 veni
566 2359 748 2442 spicamque
770 2363 894 2443 teneto,

104 2442 245 2508 Perfluat
265 2447 298 2507 et
315 2445 419 2526 pomis
443 2442 595 2507 candidus
618 2446 691 2506 ente
715 2444 813 2508 sinus.
