2302 3922
224 116 238 132 .
553 114 575 145 ,r
935 123 938 130 .

110 180 162 251 vu
270 185 286 274 p
399 147 676 260 sisaran.
930 148 933 153 ’
1035 170 1080 237 83

248 265 297 317 rt·
331 253 345 279 ⁸¹
377 267 386 301 ··'
658 274 693 312 τι

113 340 205 407 Haeo
227 339 343 405 cecinit
362 341 451 404 vates
474 342 506 404 et
526 342 558 403 te
581 340 658 420 sibi,
681 338 824 421 Phoebe,
846 338 987 421 vocavit,
1045 349 1079 399 oa

158 424 295 489 lactavit
315 422 403 487 susas
425 426 457 486 et
479 425 574 506 caput
595 426 668 486 ante
691 444 807 487 comae.

115 507 278 591 Quidquid
298 506 483 587 Amalthea,
506 506 659 589 quidquid
680 505 750 570 Mar
774 506 838 571 esia
860 506 940 569 dixit

158 589 349 674 Herophilo,
371 589 477 674 Phyto
500 589 657 673 Graiaque
680 528 771 672 quod
785 590 926 672 monuit,

116 674 265 757 Quasque
289 675 414 738 Aniena
436 695 540 738 sacras
562 673 677 737 Tiburs
697 694 755 757 per
776 673 907 737 flmnina
928 674 1031 736 sortes

159 757 300 822 Portarit
320 757 405 823 sicco
428 758 654 840 pertuleritque
676 758 761 838 sinu,
1046 766 1080 816 το

116 841 222 928 (Haec
242 842 311 906 fore
333 841 481 905 dixcnnrt
501 841 577 904 belli
599 842 683 904 mala
704 841 797 924 signa
820 842 978 921 cometen,

159 926 282 990 Multus
303 926 394 989 utin
415 928 515 989 terras
538 925 759 1007 deplueretque
783 925 879 1006 lapis:

116 1010 225 1093 Atque
246 1008 339 1073 tubas
361 1011 456 1091 atque
478 1030 566 1071 arma
587 1010 694 1071 femnt
715 1007 914 1090 strepitantia
937 1007 1025 1070 caelo

160 1092 281 1156 Audita
302 1096 335 1156 et
356 1094 444 1156 lucos
466 1092 679 1176 praecinuisse
700 1092 826 1175 fugam,

116 1174 162 1241 nt
183 1176 353 1240 simulacra
375 1176 467 1239 deum
488 1177 633 1240 lacrimas
654 1175 773 1239 fudisse
793 1177 938 1258 tepentes
1047 1185 1081 1234 ττ

161 1259 303 1343 Fataque
325 1260 451 1323 vocales
472 1259 709 1343 praemonuisse
731 1259 842 1339 bores,
1047 1270 1081 1319 78

117 1342 229 1427 Ipsum
250 1344 346 1408 etiam
368 1343 474 1408 Solem
497 1343 654 1406 defectmn
675 1343 794 1406 lumine
815 1342 896 1405 vidit
1048 1354 1081 1402 75

161 1426 299 1512 Iungere
320 1427 476 1511 pallentes
497 1427 624 1490 nubilus
647 1447 749 1489 armus
771 1428 882 1509 equos)
1048 1436 1081 1486 '16

117 1509 210 1575 Haec
229 1511 359 1575 fuerunt
381 1511 473 1574 olim:
496 1510 552 1574 sed
572 1513 609 1573 tu
629 1510 693 1574 iam
715 1511 817 1592 mitis,
839 1511 973 1593 Apollo,

160 1594 313 1679 Prodigia
334 1594 497 1657 indomitis
519 1615 627 1678 merge
649 1594 707 1658 sub
730 1594 932 1677 aequoribus:
1045 1606 1080 1655 80

117 1676 164 1745 Et
185 1699 337 1743 succensa
359 1679 457 1741 sacris
480 1678 613 1762 crepitet
633 1678 714 1743 bene
736 1678 1013 1759 remansionis,
1049 1738 1052 1743 ,
1073 1714 1093 1736 .-

163 1761 278 1827 Omine
300 1783 362 1845 quo
385 1761 462 1825 felix
484 1765 516 1825 et
537 1783 626 1826 sacer
648 1784 749 1827 annus
772 1763 841 1827 crit.

118 1845 242 1911 Laurus
263 1846 319 1911 ubi
341 1847 425 1929 bona
446 1846 539 1930 signa
560 1847 660 1930 dedit,
683 1846 817 1931 gaudete
840 1845 959 1910 coloni:

86 1969 98 2012 3
161 1929 333 1995 Distendet
354 1930 449 2014 spicis
471 1930 584 1993 horrea
604 1931 700 2014 plena
722 1929 831 2012 Ceres,

69 2011 102 2102 j
118 2014 249 2109 Qlitus
271 2017 304 2079 et
324 2018 429 2078 musto
452 2013 544 2079 feriet
564 2014 644 2096 pede
665 2015 801 2077 rusticus
823 2034 915 2096 uras,
1048 2024 1082 2075 85

69 2132 77 2163 ,ν
163 2096 261 2163 Dolia
282 2098 357 2161 dum
378 2119 430 2161 ma
476 2097 718 2180 idcficiantque
739 2098 835 2161 lacus,

120 2184 169 2247 At
189 2180 335 2247 madidus
357 2180 442 2245 Bacc
453 2202 485 2244 10
508 2202 565 2244 sua
585 2181 666 2244 festa
687 2180 800 2244 Palilia
821 2183 930 2262 pastor

164 2264 336 2331 Gonoinet:
363 2287 382 2328 a
404 2265 537 2330 stabulis
558 2267 637 2329 tuno
656 2264 768 2348 procul
790 2268 855 2327 este
877 2263 954 2347 lupi.

120 2350 181 2415 Ille
203 2350 282 2413 levis
304 2349 438 2432 stipulae
461 2350 631 2413 sollemnes
651 2351 746 2431 potus
768 2368 897 2411 acervos

164 2432 345 2515 Ascendet,
367 2433 509 2497 flammas
531 2433 749 2515 transilietque
771 2452 894 2513 sacras,
1049 2444 1085 2494 90

121 2516 167 2583 nt
187 2518 272 2581 fetus
293 2519 440 2581 matrona
461 2517 562 2596 dabit,
587 2520 742 2599 natusque
764 2516 889 2599 parenti

165 2600 284 2667 Oscula
304 2601 488 2685 conprensis
510 2602 636 2664 auribus
658 2601 785 2684 eripiet,

121 2684 194 2752 Nec
214 2684 356 2750 taedebit
376 2707 469 2749 avum
490 2706 588 2768 parvo
612 2685 786 2768 advigilare
808 2686 917 2768 nepoti

164 2768 328 2853 Balbaque
351 2790 422 2833 cum
443 2790 541 2852 puero
564 2768 667 2833 dicero
690 2770 785 2833 verba
807 2791 924 2833 senem.

122 2850 215 2917 Tunc
237 2857 366 2936 operata
388 2853 446 2917 deo
468 2853 567 2936 pubes
590 2853 766 2917 discumbet
787 2854 822 2917 in
841 2853 954 2937 herba,
1051 2867 1084 2915 95

70 2942 76 2955 '
166 2936 300 3000 Arboris
322 2938 469 3021 antiquae
492 2957 555 3019 qua
576 2937 654 3000 levis
675 2937 788 3000 umbra
810 2938 909 3020 cadit,

124 3020 230 3085 Ante
253 3024 339 3084 veste
361 3042 419 3084 sua
440 3020 573 3085 tendent
593 3021 778 3085 umbracula
799 3022 891 3085 sertis

166 3102 298 3186 Vincta,
321 3108 490 3168 coronatus
513 3105 610 3168 stabit
632 3108 664 3168 et
685 3108 758 3168 ante
781 3106 871 3168 calix.

123 3188 171 3252 At
192 3188 253 3251 sibi
275 3189 406 3272 quisque
428 3189 524 3273 dapes
546 3192 579 3253 et
599 3189 697 3253 festas
720 3192 843 3253 extruet
865 3190 928 3254 alte

168 3271 348 3355 Cespitibus
370 3294 495 3337 mensas
519 3273 752 3357 cespitibusque
773 3276 887 3337 torum.
1038 3285 1089 3335 100

124 3354 255 3503 Inqeret
274 3356 328 3420 hic
349 3360 443 3440 potus
465 3356 586 3420 iuvenis
608 3357 777 3420 maledicta
797 3357 937 3440 puellae,

194 3442 246 3503 ost
266 3441 360 3505 modo
384 3461 463 3524 quae
485 3440 568 3504 votis
590 3441 680 3505 irrita
701 3441 786 3504 faeta
808 3440 898 3503 velit:

176 3542 300 3585 uramara
920 3546 937 3595 3
