2302 3922
53 194 129 269 [111]
450 194 559 253 amna
579 192 628 255 111.

511 360 558 435 Π.

56 484 120 563 oui
140 483 388 583 primussearam
408 482 516 546 iuveni
537 503 705 630 carumpue
728 483 852 566 puellae

98 568 226 654 Eripuit
246 568 407 650 iuvenem,
429 567 549 631 ferreus
571 567 625 630 ille
660 566 717 631 uit.

56 652 165 719 Durus
186 655 220 717 et
240 653 295 716 ille
315 651 392 735 fuit,
414 651 469 733 qui
489 653 616 715 tantam
637 651 719 714 ferre
742 650 898 735 dolorem,

98 736 215 802 Vivere
236 737 269 800 et
290 738 399 819 erepta
421 735 557 819 coniuge
580 734 634 817 qui
655 735 770 818 potuit.

56 820 135 887 Non
155 841 216 905 ego
237 819 347 883 firmus
369 819 403 881 in
424 817 496 914 bocp
517 839 585 882 non
605 818 684 882 haec
698 818 852 901 patientia
866 821 977 883 nostro
1001 829 1018 880 o

99 904 251 989 Ingenio:
274 902 395 986 frangit
415 901 514 966 fortm
535 901 630 967 corda
652 901 758 966 dolor:

56 987 128 1054 Nec
148 986 228 1053 mihi
248 1007 323 1050 vera
342 986 431 1068 loqui
451 985 554 1069 pudor
576 989 625 1049 est
644 986 790 1068 vitaeque
811 986 904 1051 fateri

99 1071 163 1136 Tot
183 1070 268 1135 mala
289 1090 456 1153 perpessae
476 1069 582 1133 taedia
601 1072 679 1133 nata
699 1091 796 1134 meae.

56 1154 104 1223 nr
169 1176 242 1219 cum
262 1156 392 1218 tenuem
412 1153 502 1218 fuero
524 1156 663 1217 mutatus
685 1153 720 1217 in
741 1154 887 1219 umbram

129 1238 306 1321 andidaque
328 1258 402 1301 ossa
423 1258 518 1321 super
538 1237 633 1322 nigra
653 1237 763 1302 favilla
784 1242 815 1301 te
840 1241 886 1320 et,
987 1250 1021 1299 10

56 1324 145 1389 Ante
165 1343 272 1387 meum
292 1322 401 1386 veniat
421 1321 536 1406 longos
558 1321 721 1404 incompta
742 1260 873 1405 capides

98 1404 145 1473 nt
163 1406 241 1470 fleat
261 1408 337 1469 ante
357 1427 463 1470 meum
485 1408 606 1469 maesta
628 1405 753 1470 Neaera
772 1427 896 1490 rogum.

57 1489 123 1557 sed
143 1490 250 1554 veniat
271 1510 362 1553 carae
383 1489 494 1553 matris
515 1490 701 1570 †comitata
722 1488 845 1554 dolore:

100 1572 243 1640 Maereat
263 1572 342 1637 haec
363 1594 497 1658 genero,
519 1576 658 1637 maereat
679 1573 736 1637 illa
756 1574 835 1638 viro.

56 1656 224 1723 Praefatae
245 1660 319 1721 ante
340 1679 428 1721 meos
449 1656 561 1721 Manes
584 1658 785 1741 animamque
806 1660 952 1741 precatae
987 1668 1019 1719 lo

99 1741 312 1824 Perfusaeque
333 1742 402 1825 pias
425 1744 499 1804 ante
521 1740 643 1824 liquore
664 1764 792 1824 manus,

57 1823 137 1890 Pars
159 1845 239 1908 quse
260 1825 331 1889 sola
351 1825 415 1889 mei
436 1825 600 1908 superabit
620 1826 777 1909 corporis,
800 1848 873 1891 ossa

99 1908 264 1973 Incinctae
285 1909 379 1993 nigra
401 1908 536 1973 candida
557 1912 644 1974 veste
667 1909 790 1994 legent,

55 1990 104 2059 Et
145 1992 261 2057 rimum
283 2014 405 2057 annoso
428 1996 581 2077 spargent
603 1993 736 2059 collecta
757 1991 876 2076 Lyaeo,

137 2097 178 2140 ox
199 2076 295 2140 etiam
316 2077 410 2141 niveo
432 2077 564 2140 fundere
585 2077 667 2140 lacte
690 2080 818 2160 parent,
985 2090 1020 2140 20

55 2156 138 2225 Post
156 2158 236 2225 baec
258 2160 413 2225 carbaseis
436 2182 578 2224 umorem
600 2160 712 2224 tollere
733 2161 812 2224 velis

100 2246 208 2327 Atqm
229 2244 264 2307 in
285 2265 462 2308 marmorea
505 2264 601 2308 onere
623 2244 706 2308 sicca
728 2244 830 2308 dome.

56 2324 130 2391 Illic
152 2347 230 2410 quas
250 2327 352 2392 mittit
373 2328 460 2392 dives
482 2267 644 2392 1111111111
665 2349 785 2392 merces

99 2407 224 2493 Eoique
245 2411 383 2495 Arabes,
406 2412 535 2497 pinguis
557 2415 590 2477 et
610 2413 761 2495 Assyria,

55 2490 105 2561 Et
121 2494 227 2558 nostri
246 2517 402 2560 memores
425 2496 571 2561 lacrimae
592 2496 769 2560 fundantur
790 2497 916 2562 eodem:
986 2509 1020 2560 aa

101 2577 155 2643 Sic
178 2599 238 2663 ego
260 2580 400 2663 conponi
421 2603 529 2645 versus
551 2581 585 2645 in
608 2602 681 2645 ossa
701 2581 806 2645 velim.

57 2658 122 2727 sed
144 2662 269 2727 tristem
291 2664 404 2729 mortis
426 2665 623 2730 demonstret
643 2665 750 2729 littera
771 2687 899 2731 causam

99 2745 131 2809 A
168 2768 207 2809 ne
228 2745 307 2811 haec
328 2748 363 2811 in
385 2748 502 2813 celebri
523 2750 665 2813 carmina
685 2749 791 2814 fronte
813 2754 913 2816 notet.

57 2826 143 2978 ‘Lpp
165 2850 255 2927 amns
266 2830 318 2896 hie
330 2832 409 2896 situs
420 2835 482 2896 est:
499 2832 590 2898 dolor
600 2833 675 2898 huic
687 2837 719 2897 et
730 2855 805 2898 cura
815 2835 966 2919 Neaerae,

128 2934 255 2999 omugls
279 2920 419 3000 ereptae,
442 2938 537 2980 causa
558 2918 660 3001 perire
681 2917 768 2982 fuit?
985 2931 1021 2981 30

504 3174 567 3247 IH.

56 3290 142 3369 Quid
135 3294 295 3440 ulprodest
316 3295 436 3359 caelum
458 3296 541 3361 votis
563 3296 717 3380 inplesse‚
739 3296 879 3380 Neaera,

99 3375 135 3441 M
170 3380 266 3460 taque
289 3399 360 3442 cum
381 3380 500 3443 blanda
521 3383 592 3444 tura
614 3379 737 3442 dedisse
758 3400 868 3463 prece,

54 3456 135 3525 Non
154 3464 192 3525 ut
213 3463 381 3527 marmorei
402 3463 561 3547 prodirem
584 3484 601 3527 e
622 3463 733 3526 limine
754 3463 846 3545 tecti,
