2302 3922
120 226 161 290 14
515 229 662 299 ,amram
1021 230 1084 304 [Vl.

224 392 315 457 'Iunc
335 391 415 456 mihi
435 412 502 455 11011
523 391 623 456 oculis
646 391 689 456 sit
709 392 854 457 timuisse
874 393 963 457 meis.

20 536 22 541 .
133 476 266 552 33111111
286 480 395 541 tenera
408 476 468 539 tibi
483 476 618 572 coniuge
634 477 736 572 opus?
758 481 814 540 tua
835 476 863 540 si
876 477 962 541 bona
976 476 1083 542 noscis

228 559 373 642 Servare,
395 559 514 623 frustra
535 559 632 623 clama
653 562 738 624 mest
757 559 889 624 foribus.

134 657 167 706 35
183 643 227 708 Te
249 645 352 725 tenet,
375 643 522 707 absentes
544 644 623 707 alios
645 643 784 740 suspirat
804 664 928 709 amores

225 726 270 790 Et
292 727 419 791 simulat
440 727 545 791 subito
568 727 768 791 condolursse
789 730 893 810 caput.

184 812 229 874 At
250 811 329 875 1111111
351 811 537 874 servandam
559 810 683 875 credas:
705 832 772 875 non
793 832 887 874 saeva
907 832 1018 878 recuso

226 893 382 977 Verbera,
405 894 545 959 detrecto
567 915 634 958 non
656 915 715 991 ego
737 894 843 959 vincla
863 895 988 978 pedum.

184 977 266 1042 Tum
287 979 398 1063 procul
420 979 545 1060 absitis,
568 978 709 1062 quisqms
731 979 809 1042 colis
831 982 898 1044 arte
920 979 1070 1063 capillos,

134 1073 169 1124 40
224 1061 268 1126 Et
288 1064 359 1126 fluit
380 1063 479 1126 effuso
502 1063 553 1127 cui
573 1065 651 1147 toga
672 1062 745 1126 laxa
765 1063 853 1127 sinu:

185 1145 335 1230 Quisquis
357 1149 389 1211 et
410 1150 567 1228 occurret,
589 1168 631 1210 ne
652 1147 755 1230 possit
776 1147 896 1211 crimen
916 1146 1049 1231 habere,

227 1230 277 1295 Sit
297 1232 422 1314 procul,
445 1234 500 1294 aut
521 1231 583 1294 alia
604 1233 667 1294 stet
687 1252 799 1314 precor
821 1232 896 1294 ante
917 1231 976 1294 ria.

185 1313 238 1380 Sic
259 1314 438 1378 fieri·iubet
458 1315 526 1396 ipse
548 1313 640 1396 deus,
663 1315 709 1378 sic
730 1336 847 1399 magna
867 1314 1015 1379 sacerdos

226 1396 287 1461 Est
307 1396 387 1459 1111111
409 1396 516 1459 divino
538 1396 712 1460 vaticinata
733 1419 829 1463 sono:

136 1494 170 1543 45
184 1480 274 1544 Haec
295 1480 349 1543 ubi
371 1479 525 1543 Bellonae
546 1483 707 1543 motusta
733 1481 824 1563 tata,
846 1503 905 1546 nec
927 1503 1031 1546 acrem

228 1563 420 1646 Flammam,
441 1582 509 1626 11011
530 1584 638 1626 amens
660 1584 715 1626 ver
738 1585 792 1627 era
812 1566 898 1628 torta
919 1567 1025 1630 timet:

185 1647 262 1732 lpsa
283 1647 420 1730 bipenne
443 1667 516 1710 suos
538 1645 641 1709 caedit
661 1646 802 1710 violenta
822 1647 959 1712 lacertos

231 1729 393 1815 Sanguine
415 1733 448 1794 et
468 1730 568 1794 effuso
590 1730 714 1813 spargit
734 1730 837 1793 inulta
859 1730 963 1813 deam,

187 1813 319 1897 Statque
340 1815 423 1877 latus
444 1813 584 1898 praefixa
604 1834 695 1895 reru,
718 1816 783 1877 stat
804 1814 910 1877 saucia
930 1816 1060 1900 pectus,

136 1909 171 1961 50
226 1898 271 1962 Et
292 1899 380 1963 canit
400 1901 546 1979 eventus,
591 1919 648 1962 uos
670 1897 729 1962 dea
749 1919 868 1984 magna
888 1900 1007 1962 monet.

187 1981 327 2047 ‘Parcite
333 2032 343 2065 ,
366 2004 461 2066 quam
483 1985 572 2047 custo
597 1983 621 2046 ‘t
640 1983 756 2065 Amor,
777 1983 896 2048 violare
918 1983 1073 2067 puellam,

228 2066 279 2132 Ne
300 2067 410 2153 pigeat
429 2087 547 2152 magno
569 2070 644 2151 post
668 2067 815 2132 didicisse
836 2068 932 2134 malo.

186 2152 358 2236 Attigcris,
381 2151 527 2217 labentur
549 2173 639 2235 opes,
663 2155 700 2215 ut
720 2152 848 2216 volnere
870 2155 980 2217 nostro

230 2235 382 2334 Sanguis,
403 2240 440 2300 ut
460 2236 512 2300 hic
533 2238 637 2300 ventis
660 2236 868 2320 diripiturque
891 2236 992 2300 cinis!

139 2318 309 2384 0011111111
331 2321 519 2404 nescioquas
542 2320 635 2402 dixit,
658 2342 729 2383 mea
749 2320 856 2402 Delia,
902 2340 1015 2384 cenas:

230 2403 265 2468 Si
284 2407 393 2468 tamen
414 2404 577 2484 0111111100,
600 2404 642 2466 sit
662 2422 775 2485 precor
795 2403 853 2465 illa
873 2343 962 2464 ldvis.

188 2487 265 2552 Non
287 2508 346 2572 ego
367 2490 400 2550 te
421 2488 552 2569 propter
571 2505 667 2568 parco
689 2483 764 2564 tibi,
787 2483 843 2546 sed
863 2485 920 2546 tua
940 2486 1042 2546 mater

229 2570 282 2634 Me
303 2571 411 2634 movet
432 2571 464 2631 at
485 2589 525 2631 ue
545 2566 609 2630 iras
631 2588 725 2630 aurea
746 2566 846 2629 vincit
868 2586 957 2630 anus.

187 2654 277 2718 Haeo
298 2652 378 2717 mihi
398 2655 430 2715 te
452 2589 580 2715 adducit
599 2650 739 2714 tenebris
760 2649 925 2733 multoque
946 2650 1062 2716 timore

139 2750 172 2800 oo
229 2735 312 2802 Goni
383 2735 407 2798 't
425 2737 553 2799 nostras
576 2734 658 2797 olam
679 2733 838 2798 taciturna
858 2756 986 2818 manus,

187 2819 277 2885 Haec
296 2757 481 2902 fdilblusque
495 2820 604 2882 manet
616 2820 715 2882 noctu
728 2838 778 2881 me
795 2817 898 2881 adfixa
912 2819 1090 2903 proculque

232 2902 408 2989 Cognoscit
429 2904 494 2965 stre
517 2901 580 2965 itus
601 2923 652 2965 mc
674 2902 822 2966 veniente
843 2901 969 2986 pedum.

188 2987 270 3055 Vive
292 2986 346 3050 diu
366 2985 461 3068 mihi,
484 2923 584 3049 (1111010
607 3008 701 3051 anus:
723 2986 870 3070 proprios
894 3008 954 3084 ego
970 2991 1088 3071 tecum,

231 3071 281 3138 Sit
301 3070 396 3135 modo
418 3069 484 3152 fae,
505 3090 606 3134 annos
629 3071 839 3135 contribuisse
861 3071 966 3137 velim.

139 3170 172 3220 65
187 3156 232 3221 Tc
255 3176 379 3240 semper
400 3158 571 3238 natamque
592 3158 680 3219 tuam
701 3158 733 3219 te
755 3157 886 3239 propter
907 3156 1036 3221 amabor

231 3240 391 3324 Quidquid
413 3239 497 3324 agit,
521 3239 650 3321 sanguis
672 3242 850 3304 esttamen
870 3240 927 3306 illa
947 3244 1029 3304 tuus.

189 3326 239 3392 Sit
260 3326 355 3390 modo
378 3328 481 3406 casta,
504 3323 581 3388 doce
587 3372 596 3406 ,
620 3324 763 3406 quamvis
785 3345 852 3388 non
866 3325 947 3388 vitta
967 3323 1091 3406 ligatos

230 3409 389 3494 Impediat
411 3409 513 3473 crines
535 3428 594 3471 nec
616 3409 698 3471 stola
719 3408 817 3492 longa
838 3407 949 3491 pedes,

188 3495 234 3560 ut
253 3494 333 3559 mihi
355 3494 421 3559 sint
442 3492 537 3556 durae
559 3492 647 3578 leges
653 3541 662 3576 ,
685 3492 812 3557 laudare
833 3510 895 3558 ncc
916 3489 1013 3553 ullam

121 3736 227 3898 ..Ἰ
