2302 3922
91 161 134 232 u]
479 158 587 214 amna
607 159 656 215 ru.
1002 153 1045 220 35

131 321 192 395 Qui
215 322 309 403 caput
331 323 364 383 et
384 319 502 403 digitos
525 320 557 384 et
577 319 697 382 lumina
718 320 811 404 nigra
853 318 956 384 uellae

172 403 216 467 Et
239 407 332 467 canat
352 406 389 466 ut
410 403 534 467 soleant
553 403 693 466 molliter
714 403 760 466 ire
780 423 820 484 pe
843 423 885 466 es.

453 615 525 686 uu
552 615 677 707 [xmp

129 737 206 804 Non
227 740 278 801 tot
298 736 521 801 Achaemeniis
544 740 704 800 armantur
726 735 806 801 Susa
828 738 966 822 sagittis,

173 820 302 903 Spicula
324 823 401 902 quot
421 824 531 884 nostro
553 823 682 902 pectore
703 820 774 883 fixit
794 821 903 884 Amor.

130 905 194 969 Hic
216 926 266 967 me
288 907 355 967 tam
377 905 512 987 graciles
534 902 636 967 vetuit
657 907 859 968 contemnere
880 904 1003 986 Musas,

172 988 270 1051 Iussit
292 990 324 1050 et
345 987 519 1050 Ascraeum
541 989 587 1051 sic
608 986 751 1050 habitare
771 1008 898 1068 nemus,

129 1071 206 1137 Non
227 1074 263 1134 ut
284 1070 405 1134 Pieriae
427 1091 560 1152 quercus
581 1091 653 1133 mea
673 1071 769 1134 verba
790 1073 974 1153 sequantur,
1028 1081 1045 1132 5

171 1157 239 1217 Aut
260 1153 380 1237 possim
402 1153 535 1216 Ismaria
557 1153 670 1216 ducere
691 1153 772 1217 valle
794 1154 893 1234 feraS,

131 1238 193 1302 sed
214 1238 316 1322 magis
338 1240 375 1299 ut
395 1240 505 1299 nostro
528 1236 676 1318 stupefiat
697 1235 835 1318 Cynthia
855 1256 962 1299 versu:

172 1321 262 1384 Tune
285 1341 344 1404 ego
368 1320 428 1383 sim
449 1319 581 1383 Inachio
605 1319 712 1383 notior
733 1321 800 1382 arte
821 1317 913 1382 Lino.

130 1404 162 1469 N
164 1426 206 1467 on
229 1426 288 1488 ego
311 1426 381 1466 sum
402 1404 523 1466 formae
545 1405 670 1466 tantum
691 1402 822 1466 mirator
843 1401 1010 1484 honestae,

172 1487 240 1552 Nec
264 1488 354 1569 siqua
375 1487 523 1550 inlustres
546 1486 665 1550 femina
686 1486 784 1550 iactat
804 1507 896 1550 avos:
1014 1498 1047 1547 10

130 1570 183 1634 Me
205 1571 291 1633 iuvet
311 1571 346 1633 in
367 1571 489 1654 gremio
512 1570 623 1634 doctae
645 1570 761 1654 legisse
782 1570 922 1652 puellae,

172 1655 312 1716 Auribus
335 1657 366 1716 et
386 1655 474 1735 puris
496 1654 614 1736 scripta
634 1653 786 1735 probasse
808 1674 889 1717 mea.

131 1737 220 1800 Haec
240 1737 295 1800 ubi
318 1737 525 1820 contigerint,
547 1737 658 1820 populi
681 1737 813 1801 confusa
833 1737 939 1800 valeto

173 1819 308 1883 Fabula:
331 1842 406 1883 nam
428 1820 557 1883 domina
577 1820 680 1884 iudice
701 1823 791 1884 tutus
814 1841 877 1883 ero.

132 1903 218 1978 Quae
241 1904 268 1966 si
289 1903 372 1967 forte
394 1904 493 1967 bonas
517 1903 557 1966 ad
577 1924 690 1985 pacem
710 1903 840 1968 verterit
861 1924 970 1984 aures,
1014 1913 1057 1964 15.

175 1987 308 2050 Possum
331 1987 514 2052 inimicitias
536 1990 613 2050 tunc
635 2006 695 2071 ego
712 1986 800 2053 ¹ferre
820 1984 915 2050 Iovis.

494 2124 645 2134 .-----

548 2199 590 2272 V.

133 2322 400 2405 Quandocumque
412 2322 511 2406 igitur
520 2322 649 2385 nostros
660 2318 883 2401 morsfolaudet
893 2318 1025 2402 ocellos,

173 2407 293 2488 Accipe
315 2426 394 2488 quae
417 2426 522 2469 serves
543 2404 664 2467 funeris
687 2406 757 2467 acta
778 2402 850 2467 mei.
938 2470 941 2476 ,

131 2489 200 2555 Nec
222 2511 291 2552 mea
311 2492 389 2552 tunc
410 2489 509 2584 longa
530 2487 683 2570 spatietur
704 2486 844 2570 imagine
864 2506 996 2569 pompa,

173 2572 241 2636 Nee
262 2572 340 2634 tuba
363 2571 405 2634 sit
424 2571 485 2634 fat]
506 2591 588 2634 vana
609 2570 736 2652 querela
757 2571 835 2652 mei,
1013 2582 1047 2630 20

103 2655 202 2720 oNeo
224 2654 304 2717 mihi
324 2657 401 2718 tune
422 2653 525 2718 fulcro
548 2656 707 2717 sternatur
728 2654 828 2716 lectus
850 2653 985 2734 eburno,

174 2737 243 2802 Nec
266 2738 308 2801 sit
329 2738 364 2800 in
385 2737 525 2801 Attalico
548 2757 634 2800 mors
655 2757 727 2800 mea
747 2736 822 2799 nixa
842 2739 922 2800 toro.

132 2821 224 2885 Desit
246 2821 414 2886 odoriferis
437 2820 513 2884 ordo
535 2819 615 2884 mihi
637 2819 796 2903 lancibus,
820 2819 927 2883 adsint

174 2904 284 2968 Plebei
305 2925 419 2988 parvae
442 2904 561 2968 funeris
584 2904 742 2986 exequiae.

133 2987 190 3052 Sat
204 3009 275 3052 mea
290 2991 339 3051 sat
352 2992 514 3072 magnast,
530 2987 557 3052 si
572 2991 637 3051 tres
653 2987 718 3051 sint
731 3007 849 3070 pompa
863 2986 973 3068 libelli,
1015 2997 1047 3046 25

91 3085 124 3134 10
179 3072 265 3146 Quos
288 3092 347 3155 ego
369 3070 591 3155 Persephonae
612 3071 749 3135 maxima
770 3069 854 3132 dona
875 3070 983 3133 feram.

133 3156 182 3219 Tu
203 3175 277 3218 vero
298 3155 418 3220 nudum
439 3159 550 3238 peetus
571 3155 708 3218 lacerata
728 3152 883 3235 sequeris,

175 3238 244 3303 Neo
266 3239 363 3302 fueris
385 3259 503 3302 nomen
524 3239 608 3302 lassa
628 3238 740 3301 vocare
760 3256 881 3316 meum,

135 3321 313 3404 Osculaque
334 3323 369 3384 in
390 3322 503 3405 gelidis
524 3342 624 3404 pones
647 3339 793 3402 suprema
813 3318 952 3400 labellis,

178 3404 258 3470 Cum
280 3405 404 3469 dabitur
427 3404 517 3488 Syrio
539 3425 669 3470 munere
690 3402 803 3486 plenus
825 3421 919 3482 onyx.
1015 3413 1049 3463 30

865 3501 899 3554 3*
