2302 3922
97 216 158 289 ru]
499 216 607 271 111111
628 216 650 273 1.
1019 210 1058 274 11

99 377 242 463 Cynthia
261 400 313 444 me
335 378 443 443 docuit
464 399 589 461 semper
611 399 690 461 quae
713 378 826 461 cuique
846 374 983 461 petenda

140 461 291 544 Quaeque
313 460 453 527 cavenda
474 461 594 526 forent:
617 483 684 525 non
704 462 785 525 nihil
807 462 875 547 egit
888 461 999 527 Amor.
1025 472 1059 520 20

97 544 147 611 Tu
168 566 255 629 oure,
276 566 318 610 ne
339 546 424 609 tristi
446 546 554 641 cupias
576 567 718 628 pugnare
739 546 865 629 puellae

139 628 230 696 Neve
251 630 389 712 superbe
409 629 497 711 loqu1
518 649 597 692 nove
618 632 723 692 tacere
745 630 809 711 diu,

96 712 186 796 Neu,
208 711 313 795 siquid
334 712 437 795 petiit,
460 714 586 795 ingrata
606 711 712 776 fronte
733 713 870 796 negaris,

140 795 214 862 Neu
234 796 296 860 tibi
317 816 375 879 pro
397 816 480 859 veno
502 796 599 859 verbe
619 796 760 880 benigna
780 794 906 861 cedent.

96 878 234 945 Imitetu
254 880 352 961 venit,
376 878 501 962 quando
524 879 738 943 contemnitur
757 879 822 961 illa,
1024 890 1058 939 25

139 961 210 1029 Nec
230 963 377 1027 meminit
397 963 495 1026 iustas
517 983 637 1046 ponere
658 963 744 1027 laesa
764 964 884 1026 minas:

98 1048 228 1130 Aequo
251 1046 295 1110 sis
316 1045 446 1110 humilis
467 1047 570 1130 magis
592 1050 625 1110 et
646 1047 805 1111 subiectus
827 1046 937 1129 umori,

141 1130 213 1197 Hoc
235 1152 287 1195 ma
314 1131 338 1193 's
361 1130 473 1194 effecto
496 1151 590 1213 saepe
611 1130 716 1193 fruare
738 1131 833 1195 bono.

97 1213 271 1373 11ὁ1010111
306 1214 370 1277 elix
389 1234 454 1277 uua
474 1235 636 1277 remanere
658 1214 774 1296 puella,

169 1319 202 1361 u1
224 1318 397 1380 numquam
418 1317 517 1362 vecuo
540 1302 667 1379 pectore
688 1297 769 1361 liber
791 1298 861 1361 erit
1025 1308 1059 1357 30

98 1630 128 1699 Ε
169 1632 224 1696 uid
245 1634 277 1696 te
299 1632 411 1696 mediis
434 1637 620 1715 cessantem,
644 1630 791 1716 Cynthia,
815 1631 901 1716 Bais,

174 1737 215 1779 ue
235 1716 319 1781 iacet
339 1716 505 1782 Herculeis
527 1717 642 1782 semita
663 1718 820 1799 litoribus,

99 1798 144 1864 Et
164 1799 259 1863 modo
281 1804 313 1864 te
334 1799 443 1865 Protei
464 1802 632 1866 mirantem
654 1802 779 1866 subdite
803 1822 904 1885 regno

140 1882 290 1947 Proxima
311 1883 444 1948 Misenis
466 1906 604 1968 aequore
623 1885 786 1950 nobilibus

98 1964 211 2031 Nostri
232 1988 306 2031 cura
328 1967 414 2031 subit
434 1989 591 2032 memores
613 1990 632 2033 a
653 1968 767 2032 ducere
789 1968 922 2032 noctes?
1040 1980 1057 2030 ὁ

139 2048 258 2133 Ecquis
279 2051 314 2114 in
337 2054 477 2115 extremo
498 2054 599 2115 restat
619 2073 727 2116 amore
747 2051 857 2117 locus?

99 2134 152 2199 An
173 2137 205 2197 te
226 2135 405 2218 nescioquis
428 2135 583 2198 simulatis
605 2135 735 2219 ignibus
756 2134 858 2198 hostis

141 2216 277 2282 Sustulit
299 2241 316 2283 e
336 2219 465 2301 nostris,
488 2217 637 2300 Cynthia,
661 2216 876 2283 carminibus?

99 2300 129 2363 A
168 2323 207 2365 ue
229 2303 352 2366 utinam
373 2324 466 2386 mage
487 2305 520 2365 te
541 2302 637 2366 remis
659 2302 779 2365 confisa
799 2300 930 2364 minutis

167 2386 276 2448 arvolc
296 2385 433 2449 Lucrina
455 2386 569 2467 cymba
589 2387 730 2450 moretur
751 2406 843 2468 oque,
1025 2396 1056 2445 ιο

97 2468 164 2532 Aut
184 2473 294 2532 teneat
314 2470 453 2533 clausam
474 2469 563 2533 tenui
585 2468 789 2534 Teuthrantis
810 2468 845 2532 in
865 2467 950 2532 undu

140 2552 292 2615 Alternae
312 2552 415 2615 facilis
437 2552 546 2617 cedere
568 2551 826 2637 tymphanum,

98 2634 201 2709 Quam
222 2638 314 2698 vacet
334 2635 464 2700 alterius
479 2636 621 2713 ,blandos
643 2636 752 2701 audire
774 2656 919 2701 susurros

140 2717 283 2782 Molliter
303 2719 338 2783 in
359 2720 456 2784 tacito
478 2720 571 2786 litore
595 2721 804 2805 conpositum,

97 2800 144 2866 Vt
165 2803 248 2866 solet
268 2806 375 2867 amoto
398 2804 462 2867 labi
484 2806 614 2869 custode
636 2804 743 2889 puella
1023 2814 1055 2867 15

138 2886 271 2970 Perfida,
296 2908 479 2953 communes
503 2909 563 2954 nec
583 2889 766 2953 meminisse
790 2889 881 2974 deos3

97 2968 172 3035 Non
194 2971 269 3054 quic
313 2976 455 3055 erspecte
475 2994 542 3037 non
564 2994 597 3038 cs
619 2972 699 3037 mihi
720 2974 851 3059 cognita
870 2973 964 3056 fama,

140 3053 203 3118 Sed
223 2994 310 3138 quob
329 3056 364 3118 in
385 3055 444 3120 hac
466 3057 570 3120 omnis
591 3060 680 3140 purte
701 3060 827 3121 veretur
849 3078 947 3122 emor.

96 3135 248 3222 Ignosces
270 3138 377 3224 igitur,
400 3139 505 3223 siquid
525 3141 586 3204 tibi
607 3142 697 3204 triste
719 3140 820 3205 libelli

138 3221 316 3286 Attulerint
335 3224 454 3287 nostri:
477 3224 570 3308 culpa
590 3224 715 3289 timoris
738 3225 806 3289 erit.
1021 3236 1056 3285 20

96 3306 143 3388 A,
164 3305 243 3368 mihi
264 3327 330 3370 non
351 3308 453 3371 maior
474 3328 564 3373 carae
586 3307 731 3373 custodie
751 3308 862 3372 matris

138 3390 294 3455 nursino
316 3394 348 3455 te
369 3392 453 3455 vitae
474 3412 549 3456 cura
570 3392 614 3455 sit
634 3392 700 3455 ulla
721 3412 818 3454 meae.

96 3472 145 3537 Tu
166 3473 244 3538 mihi
268 3475 337 3539 sola
359 3474 482 3557 domus,
503 3479 548 3559 tu,
571 3473 720 3557 Cynthia,
742 3474 812 3538 sola
832 3478 991 3559 parentes,

1035 3764 1114 3882 s
