2302 3922
94 219 153 290 xi]
479 217 587 272 ainau
607 217 670 274 1111.
967 285 971 291 ,
1017 213 1057 278 77

103 409 109 417 ·
137 379 304 444 Femineas
324 379 433 444 timuit
453 379 566 442 territa
587 377 691 442 Marte
713 379 826 444 minas.

94 461 285 529 Hannibalis
310 465 412 547 spolia
434 466 467 527 et
486 463 564 527 victi
586 463 783 527 monimenta
805 462 826 528 S
870 463 958 528 hacis

135 547 181 612 Et
200 546 316 630 Pyrrhi
338 547 378 611 ad
399 550 527 669 nosasstros
549 547 652 632 gloria
673 547 774 669 fssma
793 569 834 630 pe
858 570 911 612 es>
1025 561 1059 610 60

95 714 224 781 Curtius
248 716 381 799 expletis
403 715 515 779 statuit
535 678 732 780 mdnimenta
753 716 890 800 lacunis,

137 801 184 864 At
204 799 322 863 Decius
343 800 441 863 misso
464 799 586 881 proelia
608 799 696 882 rupit
717 820 813 883 equo,

96 882 229 949 Coclitis
251 883 408 946 abscissos
429 884 566 946 testatur
592 883 705 947 semita
726 886 854 966 pontes,

138 966 199 1031 Est
219 967 270 1030 cui
293 987 330 1030 co
378 987 473 1029 omen
496 987 607 1029 corvus
629 965 746 1030 habere
767 967 863 1031 dedit.

95 1049 184 1116 Haec
206 1050 239 1114 di
261 1071 322 1114 con
348 1050 487 1132 derunt,
508 1048 588 1113 haec
609 1049 642 1113 di
658 1070 781 1133 quoque
803 1050 931 1115 moenia
952 1073 1015 1116 ser·

163 1148 167 1153 ’
702 1137 793 1198 vant:
1025 1147 1057 1196 65

137 1218 202 1283 Vix
221 1219 335 1283 timeat
356 1218 444 1282 salvo
467 1217 601 1282 Caesare
622 1216 725 1282 Roma
744 1216 863 1282 Iovem.

95 1301 190 1368 Nunc
210 1302 267 1366 ubi
289 1301 341 1366 Sci
363 1301 453 1365 iadae
474 1302 607 1384 classes,
628 1301 685 1365 ubi
706 1302 798 1386 signa
820 1301 962 1387 Camilli,

138 1387 206 1449 Aut
226 1385 321 1449 modo
341 1324 497 1468 Pompeia
517 1385 662 1467 Bospore
684 1389 778 1468 capta
797 1386 916 1451 manu?

94 1468 272 1534 Leucadius
294 1490 400 1533 versas
422 1469 505 1534 acies
526 1469 717 1533 memorabit
736 1470 768 1532 A
791 1470 865 1534 ollo.

138 1551 277 1617 Tantum
298 1553 403 1636 operis
424 1553 502 1619 belli
523 1553 653 1616 sustulit
672 1573 737 1615 una
782 1554 833 1617 'es
1023 1566 1057 1616 το

95 1636 141 1702 At
161 1638 212 1719 tu,
234 1637 300 1700 sive
321 1639 410 1720 petes
432 1639 543 1720 portus
566 1658 637 1718 seu,
659 1637 782 1720 navita,
804 1637 944 1721 linques,

138 1718 283 1786 Caesaris
304 1721 340 1785 in
360 1724 429 1785 toto
452 1721 495 1785 sis
517 1741 640 1784 memor
661 1719 764 1786 Ionio.

95 2054 262 2137 Postume,
284 2053 463 2138 plorantem
484 2056 619 2137 potuisti
640 2056 783 2138 linquere
806 2054 944 2137 Gallam,

137 2138 230 2203 Miles
253 2142 286 2203 et
306 2138 444 2222 Augusti
465 2138 564 2202 fortia
586 2140 678 2223 signa
700 2139 811 2222 sequi?

94 2221 231 2288 Tantine
252 2222 319 2286 ulla
339 2222 401 2285 fuit
422 2222 551 2304 spoliati
572 2223 676 2306 gloria
697 2222 822 2301 Parthi,

136 2305 187 2371 Ne
209 2306 330 2370 faceres
353 2303 447 2369 Galla
467 2306 568 2369 multa
589 2309 724 2390 rogante
744 2306 821 2370 tua?

95 2389 129 2455 Si
149 2388 198 2452 fas
220 2391 282 2472 est,
305 2410 415 2453 omnes
435 2390 555 2473 pariter
575 2391 712 2472 pereatis
734 2390 834 2471 avari,
1038 2400 1055 2452 o

135 2471 180 2536 Et
201 2473 343 2556 quisquis
365 2472 429 2536 fido
450 2473 602 2556 praetulit
623 2495 711 2537 arma
730 2474 816 2537 toro!

94 2555 144 2619 Tu
164 2558 274 2621 tamen
294 2556 412 2620 iniecta
433 2559 549 2639 tectus,
571 2578 702 2640 vesane,
725 2556 854 2620 lacerna

135 2638 267 2703 Potabis
289 2640 381 2724 galea
402 2640 504 2704 fessus
526 2640 641 2703 Araxis
663 2660 785 2723 aquam.

94 2721 157 2786 Illa
179 2722 306 2807 quidem
327 2724 448 2788 interea
469 2724 554 2787 fama
575 2723 717 2788 tabescet
737 2724 842 2808 inani,

136 2806 224 2871 Haec
244 2809 301 2872 tua
321 2829 363 2872 nc
384 2808 484 2871 virtus
506 2808 563 2871 fiat
584 2829 691 2872 amara
712 2809 787 2891 tibi,
1023 2821 1055 2872 10

93 2889 182 2956 Neve
203 2894 259 2954 tua
278 2889 391 2955 Medae
412 2892 569 2956 laetentur
591 2891 686 2957 caede
708 2894 859 2978 sagittae,

136 2973 268 3039 Ferreus
290 2978 399 3038 aurato
421 2996 484 3039 neu
507 2975 727 3059 cataphractus
749 2997 846 3061 equo,

93 3056 183 3122 Neve
205 3057 247 3121 ali
269 3057 325 3120 uid
347 3058 385 3122 de
406 3060 438 3121 te
459 3058 600 3123 flendum
621 3061 776 3125 referatur
796 3061 832 3124 in
853 3081 947 3124 urna:

136 3141 189 3206 Sic
209 3079 358 3225 redeunt,
380 3141 445 3205 illis
468 3144 522 3225 qui
544 3143 684 3208 cecidere
705 3145 794 3209 locis.
1054 3180 1056 3184 Α

93 3223 157 3288 'Per
177 3227 287 3307 quater
308 3226 343 3288 in
365 3230 452 3288 casta
472 3226 551 3290 felix
572 3247 592 3291 o
614 3227 764 3291 Postume
786 3227 892 3310 Galla,
1022 3240 1053 3290 15

135 3306 280 3373 Moribus
301 3308 351 3372 his
374 3309 437 3373 alia
459 3310 595 3395 coniuge
618 3311 733 3395 dignus
756 3332 836 3374 eras.

93 3389 177 3466 Quid
198 3391 294 3456 faciet
314 3394 402 3457 nullo
423 3395 547 3457 munita
567 3394 674 3477 puella
694 3394 823 3477 timore,

136 3473 217 3541 Cum
239 3476 283 3541 sit
302 3477 442 3543 luxuriae
464 3476 568 3544 Roma
588 3478 742 3562 magistra
763 3479 860 3543 suae?
