2302 3922
93 193 176 264 xm]
477 191 584 245 arana
604 190 666 247 nn.
1010 182 1050 246 87

197 353 338 438 Longius
360 354 396 416 in
417 353 535 437 primo,
559 353 663 435 Luna,
686 374 809 417 morare
830 354 917 416 toro:
1020 361 1053 410 14

156 438 204 502 Tu
240 458 353 521 uoque,
370 438 424 520 qui
440 437 577 501 aestivos
592 436 762 519 spatiosius
778 436 879 520 exigis
894 436 995 520 ignes,
1020 446 1052 493 11

197 459 341 604 Piroebe,
364 524 544 585 moratunae
566 519 717 584 contrahe
738 521 819 584 lucis
841 521 911 583 iter.
1020 531 1052 578 12

127 618 143 667 ὅ
157 606 299 670 Foedera
319 608 396 668 sunt
416 603 564 688 ponenda
578 604 665 687 prius
680 604 898 688 signandaque
914 603 983 667 iura
1021 612 1052 662 lt

197 688 241 752 Et
263 688 430 753 scribenda
451 688 531 752 mihi
552 688 604 752 lex
625 688 660 751 in
682 709 787 751 amore
809 708 903 751 novo.

155 772 244 837 Haec
258 774 360 836 Amor
373 773 442 855 ipse
458 793 515 837 suo
532 772 731 856 constringet
744 771 878 855 pignera
900 771 1009 855 signo:

197 857 301 920 Testis
324 856 462 920 sidereae
483 859 554 919 tota
575 876 694 920 corona
716 856 801 919 deae.

156 940 257 1017 Quam
268 939 387 1004 multae
399 943 472 1003 ante
483 941 562 1004 meis
576 939 688 1004 cedent
699 937 897 1003 sermonibus
909 936 1016 1018 horae,

107 1037 140 1086 10
196 1023 311 1088 Dulcia
332 1045 427 1106 quam
448 1024 541 1087 nobis
564 1023 704 1087 concitet
729 1043 817 1087 arma
838 1019 961 1085 Venusl
1019 1031 1054 1080 ao

155 1107 301 1191 Namque
322 1107 379 1170 ubi
398 1128 466 1171 non
488 1110 575 1172 certo
592 1107 730 1170 vincitur
744 1105 872 1170 foedere
894 1104 1010 1186 lectus,

198 1192 275 1257 Non
295 1191 392 1255 habet
411 1191 533 1255 ultores
554 1211 619 1254 nox
640 1189 803 1274 vigilanda
825 1188 916 1270 deos,

155 1275 200 1340 Et
220 1274 334 1360 quibus
355 1275 512 1358 inposuit,
535 1273 631 1338 solvit
652 1294 727 1337 mox
749 1273 853 1337 vinela
874 1270 990 1335 libido:

199 1357 394 1425 contineant
413 1358 507 1422 nobis
530 1357 637 1421 omina
657 1357 762 1442 prima
782 1357 885 1420 fidem.

108 1455 140 1505 15
154 1442 258 1590 Ergc,
281 1442 335 1525 qui
356 1444 466 1525 pactas
488 1442 523 1505 in
544 1441 672 1505 foedera
693 1441 815 1526 ruperit
836 1459 920 1522 aras,
1021 1449 1055 1499 at

226 1527 413 1608 ollueritque
435 1546 519 1589 novo
542 1546 631 1589 sacra
652 1525 768 1589 marita
787 1527 874 1607 toro,

156 1609 210 1674 Illi
232 1611 297 1673 sint
318 1611 507 1693 quicumque
529 1610 634 1673 solent
654 1609 690 1673 in
711 1629 817 1673 amore
839 1607 979 1692 dolores,

198 1693 243 1758 Et
264 1696 360 1776 caput
382 1696 513 1778 argutae
534 1693 685 1777 praebeat
705 1692 871 1776 historiae,

156 1777 226 1844 Nec
247 1777 336 1841 flenti
358 1777 505 1841 dominae
526 1777 680 1860 patefiant
700 1780 795 1841 noete
817 1777 990 1840 fenestrae:

108 1873 142 1923 20
198 1861 329 1944 Semper
351 1863 450 1943 amet,
471 1860 580 1924 fructu
601 1881 725 1943 semper
747 1859 863 1924 amoris
886 1878 992 1942 egens.
1021 1871 1055 1920 ao

530 2071 625 2144 XXI.
670 2058 672 2063 ¹

157 2193 193 2256 M
257 2215 312 2257 um
326 2193 387 2257 ite'r
401 2193 441 2257 ad
456 2193 564 2256 doctas
579 2192 738 2275 proficisci
753 2213 852 2278 cogor
865 2193 1025 2276 Athenas,

231 2281 247 2340 t
266 2299 317 2342 me
339 2278 437 2361 longa
458 2276 549 2360 gravi
570 2277 673 2340 solvat
695 2297 802 2340 amore
823 2277 884 2342 via.

159 2360 283 2426 Crescit
304 2360 388 2426 enim
411 2360 540 2424 adsidue
562 2360 720 2443 spectanti
742 2381 816 2424 cura
837 2360 977 2445 puellae:

200 2443 274 2527 lpse
296 2445 448 2509 alimenta
470 2444 530 2508 sibi
552 2445 691 2509 maxima
710 2444 844 2527 praebet
864 2466 962 2510 amor.

130 2528 279 2593 oOmnia
300 2530 375 2592 sunt
395 2530 550 2611 temptata
571 2527 665 2611 mihi,
691 2548 886 2612 quacumque
906 2528 1013 2613 fugari

202 2611 322 2676 Possit:
344 2616 379 2675 at
400 2633 439 2676 ex
460 2611 548 2675 omni
569 2633 621 2676 me
641 2611 759 2695 premit
780 2612 841 2676 iste
863 2612 949 2676 deus.

139 2716 148 2769 ζ
159 2694 223 2759 Vix
236 2698 345 2760 tamen
360 2699 415 2759 aut
430 2696 528 2760 semel
542 2694 697 2778 admittit,
720 2717 792 2760 eum
807 2717 900 2780 saepe
915 2695 1055 2781 negarit:

150 2778 173 2804 ⁸·
202 2778 264 2844 Seu
284 2780 386 2863 venit,
409 2783 549 2844 extremo
572 2778 690 2844 dormit
711 2780 827 2844 amicta
848 2766 959 2865 toro.)

158 2862 266 2927 Vnum
289 2864 350 2928 erit
371 2863 538 2928 auxilium:
566 2863 695 2928 mutatis
718 2861 857 2947 Cynthia
878 2864 971 2928 terris

111 2959 144 3010 10
201 2945 360 3019 Quantum
382 2947 498 3029 oculis,
527 2947 633 3011 animo
655 2950 722 3011 tem
743 2948 855 3031 procul
875 2947 936 3011 ibit
957 2966 1055 3010 amor.

158 3029 253 3094 Nunc
268 3031 368 3113 agite,
384 3051 404 3094 o
419 3031 496 3095 socii
501 3079 510 3114 ,
525 3031 694 3115 propellite
707 3032 743 3095 in
758 3051 894 3114 aequora
907 3031 1028 3113 navim,

200 3111 435 3196 Remorumque
456 3136 548 3198 pares
570 3115 675 3180 ducite
697 3117 782 3179 sorte
803 3115 903 3197 vices,

160 3196 349 3280 Iungiteque
371 3199 511 3262 extremo
533 3198 639 3263 felicia
660 3199 759 3262 lintea
780 3197 879 3262 malo:

202 3279 269 3343 Iam
291 3279 447 3362 liquidum
467 3282 573 3345 nautis
596 3303 672 3345 aura
694 3281 845 3346 secundat
867 3282 937 3347 iter.

111 3377 143 3426 15
158 3363 321 3428 Romanae
343 3364 446 3427 turres
470 3367 502 3428 et
522 3385 579 3428 vos
601 3365 732 3429 valeatis
755 3365 862 3447 amici,

202 3446 447 3530 Qualiscumque
468 3447 547 3511 mihi
568 3451 665 3530 tuque
686 3449 793 3531 puella
813 3448 892 3514 vala.
