2302 3922
98 255 141 319 60
477 260 670 316 raoraaru
947 259 1056 332 [xxxi.

160 421 259 487 Nulla
277 424 384 485 tamen
406 421 489 484 lecto
510 421 623 505 recipit
645 442 679 485 se
700 421 769 485 sola
790 420 937 485 libenter:

202 504 263 568 Est
284 504 449 587 quiddam,
473 505 557 587 quod
578 526 635 569 vos
657 526 805 588 quaerere
828 507 923 587 cogat
946 505 1054 567 A'nror.

162 587 292 671 Semper
313 589 348 650 in
369 587 517 652 absentes
539 588 663 653 felicior
685 591 789 652 aestus
812 590 969 651 amantes:

201 670 316 735 Elevat
337 671 485 736 adsiduos
508 673 599 755 copia
625 672 722 755 longa
743 673 837 735 viros.

385 883 528 956 xxxa
554 884 765 976 [xxxma

160 1003 225 1070 Cur
239 1006 405 1089 quisquam
419 1005 533 1069 faciem
549 1006 695 1070 dominae
709 1007 773 1070 iam
789 1006 889 1070 credit
903 1004 1026 1069 amico?

202 1088 254 1154 Sic
277 1094 384 1172 erepta
405 1089 484 1153 mihi
505 1111 605 1173 paene
626 1090 732 1173 puella
753 1095 863 1154 meast.

158 1172 317 1321 Expertus
339 1174 426 1256 dico,
449 1177 577 1237 nemost
597 1174 632 1237 in
654 1195 761 1238 amore
782 1173 900 1238 fidelis:

228 1279 387 1322 ormosam
409 1279 481 1322 raro
502 1279 569 1321 non
591 1258 652 1321 sibi
674 1258 807 1340 quisque
829 1258 918 1341 petit.

130 1340 281 1405 tPolluit
302 1342 356 1404 ille
379 1341 456 1405 deus
479 1344 649 1426 cognatos,
672 1343 767 1405 solvit
788 1340 921 1422 amicos,

200 1424 245 1488 Et
265 1425 346 1488 bene
369 1426 540 1488 concordes
561 1426 666 1488 tristia
687 1425 727 1488 ad
748 1446 836 1487 arma
857 1427 959 1488 vocat.

83 1510 91 1519 ''
157 1507 238 1572 iios
261 1511 292 1571 et
313 1508 349 1569 in
369 1507 544 1590 hospitium
566 1507 711 1571 Menelao
734 1509 822 1570 venit
848 1507 984 1570 adulter:

200 1590 329 1654 Colchis
352 1592 384 1653 et
404 1591 550 1674 ignotum
571 1610 678 1652 nonne
701 1593 808 1652 secuta
829 1588 984 1651 virumst?

158 1674 300 1756 Lynceu,
322 1676 399 1736 tune
421 1694 524 1736 meam
545 1671 692 1755 potuisti,
714 1671 848 1754 perfide,
872 1691 978 1733 curam

110 1771 142 1820 10
198 1754 364 1841 Tangere?
387 1776 494 1819 nonne
515 1759 589 1818 tuae
610 1757 678 1817 tum
702 1754 843 1817 cecidere
865 1753 999 1817 manus?

10 1848 14 1853 '
159 1840 242 1916 Quid
264 1841 379 1903 sinon
400 1842 549 1902 constans
571 1837 627 1901 illa
648 1839 766 1901 ettam
789 1841 876 1902 certa
896 1837 1030 1901 fuisset?

199 1923 314 1990 Posses
336 1924 371 1986 in
392 1926 482 1986 tanto
505 1922 651 1986 viverefl
698 1921 774 1986 'tio‘l

159 2008 208 2072 Tu
229 2007 308 2072 mihi
329 2007 380 2071 vel
400 2007 486 2070 ferro
508 2008 617 2091 pectus
638 2028 676 2070 ve
710 2006 807 2090 perde
829 2026 967 2070 veneno:

199 2093 231 2156 A
253 2091 381 2156 domina
400 2093 527 2155 tanturn
547 2094 579 2153 te
600 2090 695 2153 modo
717 2090 795 2153 tolle
820 2111 899 2154 mea.

110 2190 141 2238 15
156 2175 201 2240 Te
224 2176 344 2240 socium
365 2175 464 2258 vitae,
486 2179 518 2237 te
540 2175 681 2257 corporis
704 2195 772 2238 esse
794 2173 917 2255 licebit,

200 2260 245 2324 Te
268 2260 431 2324 dominum
453 2257 585 2322 admitto
608 2258 714 2340 rebus,
738 2259 854 2340 amice,
875 2258 970 2322 meis:

157 2344 255 2409 Lecto
276 2348 309 2408 te
332 2345 450 2425 solum,
472 2342 555 2406 lecto
576 2344 609 2406 te
632 2342 784 2424 deprecor
805 2362 884 2404 uno:

198 2428 344 2493 Rivalem
365 2448 495 2510 possum
517 2447 584 2489 non
606 2446 622 2488 e
646 2446 664 2488 0
688 2425 771 2488 ferre
792 2424 910 2488 Iovem.

157 2512 230 2595 Ipse
251 2532 337 2574 meas
360 2511 461 2591 solus,
484 2510 568 2592 quod
590 2447 645 2570 nii
659 2510 722 2589 est,
745 2508 887 2571 aemulor
908 2509 1052 2592 umbras,

108 2609 141 2658 20
198 2594 335 2677 Stultus,
358 2593 443 2678 quod
462 2593 551 2657 nullo
574 2613 667 2675 saepe
688 2592 803 2655 timore
824 2594 935 2656 tremo.

157 2678 231 2743 Vna
250 2682 359 2742 tamen
381 2679 520 2758 causast,
543 2697 597 2739 cur
620 2675 754 2738 crimina
775 2678 865 2738 tanta
886 2675 1030 2757 remitto,

198 2761 359 2825 Errabant
379 2760 479 2823 multo
502 2759 585 2843 quod
607 2761 663 2821 tua
684 2758 780 2822 verba
801 2780 898 2823 mero.

158 2845 220 2910 Sed
240 2866 414 2928 numquam
435 2845 518 2907 vitae
540 2843 631 2907 fallet
651 2864 701 2906 me
723 2864 803 2926 ruga
826 2864 968 2906 severae:

200 2928 319 2994 Omnes
340 2930 404 2992 iam
424 2932 556 3011 norunt,
581 2949 675 3010 quam
697 2927 740 2990 sit
761 2947 865 2990 amare
888 2926 1017 2990 bonum.

108 3027 140 3076 25
156 3014 301 3097 Lynceus
323 3013 392 3095 ipse
414 3034 501 3075 meus
524 3032 610 3075 seros
633 3011 753 3074 insanit
775 3031 908 3074 amores.

200 3097 310 3162 Solum
331 3101 364 3159 te
384 3097 511 3158 nostros
532 3095 633 3158 laetor
655 3094 741 3157 adire
764 3094 849 3158 deos.

158 3181 242 3258 Quid
262 3184 318 3244 tua
341 3178 510 3244 Socraticis
531 3178 592 3240 tibi
613 3198 699 3241 nunc
721 3177 878 3260 sapientia
900 3177 989 3240 libris

198 3264 345 3329 Proderit
366 3265 422 3325 aut
442 3283 546 3325 rerum
568 3261 671 3324 dicere
692 3281 786 3344 posse
807 3260 899 3324 rias?

157 3350 224 3412 Aut
246 3348 321 3431 quid
344 3368 401 3429 epe
425 3345 497 3410 Chii
518 3345 578 3408 tibi
599 3348 735 3427 prosunt
750 3345 891 3409 carmina
904 3341 1009 3409 lecta?

108 3446 142 3495 30
197 3431 253 3495 Nil
274 3432 363 3494 iuvat
383 3431 419 3494 in
440 3450 556 3514 magno
577 3431 681 3492 vester
703 3449 809 3492 amore
832 3449 937 3492 senex.

157 3514 206 3579 Tu
228 3516 326 3579 satius
348 3535 521 3578 memorem
542 3514 630 3577 lusus
652 3512 776 3577 imitere
798 3511 947 3576 Philotan

9 3746 119 3877 ἢ,
