2302 3922
85 229 110 293 2
495 235 638 291 slavum
1018 235 1056 307 [1.

194 397 325 462 Terreat
344 399 382 461 ut
402 418 496 461 saeva
515 397 597 460 falce
619 396 752 480 Priapus
774 417 857 461 aves.

104 494 136 542 13
150 481 195 545 Et
216 482 434 564 quodcumque
455 480 535 543 mihi
556 480 675 544 donum
688 501 790 544 novus
805 481 918 544 educat
939 501 1055 564 annus,

194 564 343 628 Libatum
364 563 537 648 agricolam
557 564 689 646 ponitur
710 567 783 627 ante
805 564 907 628 deum.

103 660 136 708 19
152 645 219 711 Vos
240 669 379 731 quoque,
402 647 504 711 felicis
520 648 696 730 quondam,
719 668 804 711 nunc
818 647 967 731 pauperis
982 648 1053 732 agri

103 744 138 792 20
196 729 366 813 Custodes,
389 731 478 794 fertis
499 753 633 795 munera
654 733 773 815 vestra,
795 731 903 795 Lares,

153 814 244 878 Tunc
264 815 365 878 vitula
386 815 570 879 innumeros
597 815 753 879 lustrabat
774 836 866 879 caesa
885 816 1055 880 iuvencos:

195 897 290 963 Nunc
312 920 396 982 agna
418 898 555 982 exiguist
575 898 682 961 hostia
702 920 801 981 parva
822 899 892 962 soli.

153 983 250 1067 Agna
272 982 363 1046 cadet
383 983 487 1061 vobis,
515 1003 609 1065 quam
632 983 749 1045 circum
771 983 890 1046 rustica
910 982 1012 1065 pubes

198 1065 324 1130 Clamet
345 1067 393 1129 ‘io
416 1088 533 1130 messes
556 1069 588 1130 et
608 1066 693 1129 bona
714 1066 789 1128 vina
810 1066 910 1129 date’.

104 1161 139 1212 35
153 1149 216 1214 Hic
239 1171 298 1234 ego
320 1153 542 1233 pastoremque
563 1171 669 1213 meum
690 1150 824 1213 lustrare
846 1149 1018 1231 quotannis

196 1234 240 1298 ut
261 1234 419 1316 placidam
442 1234 528 1297 soleo
551 1254 700 1318 spargere
722 1234 804 1296 lacte
825 1232 946 1297 Palem.

153 1317 291 1398 Adsitis,
315 1317 394 1398 divi,
416 1338 475 1380 nec
496 1339 553 1381 vos
575 1317 614 1380 de
635 1339 773 1401 paupere
793 1315 905 1379 mensa

196 1400 291 1463 Dona
311 1421 371 1464 nec
392 1422 408 1463 e
429 1401 516 1482 puris
539 1402 678 1482 spernite
699 1401 859 1464 fictilibus.

154 1484 282 1549 Fictilia
304 1483 452 1566 antiquus
473 1485 611 1566 primum
634 1484 695 1547 sibi
716 1484 794 1547 fecit
815 1483 949 1568 agrestis

105 1581 140 1631 40
195 1567 329 1650 Pocula,
352 1567 391 1630 de
412 1567 499 1630 facili
522 1568 750 1651 conposuitque
772 1568 848 1631 lut0.

154 1651 232 1716 Non
253 1672 312 1735 ego
336 1651 463 1714 divitias
484 1653 611 1733 patrum
632 1652 816 1734 fructusque
837 1652 978 1735 requiro,

200 1734 286 1809 Quos
308 1734 382 1798 tulit
403 1735 533 1818 antiquo
556 1735 684 1799 condita
705 1736 816 1799 messis
838 1757 912 1800 avo:

155 1818 258 1882 Parva
280 1840 370 1903 seges
394 1819 470 1881 satis
493 1821 556 1901 est,
579 1820 655 1883 satis
674 1822 737 1901 est,
759 1819 953 1903 requiescere
968 1819 1052 1883 lecto

198 1903 233 1966 Si
254 1902 330 1966 licet
350 1905 382 1965 et
404 1903 497 1966 solito
519 1904 662 1967 membra
683 1905 787 1968 levare
808 1908 890 1968 tore.

106 1999 140 2049 45
156 1986 259 2062 Quam
280 1988 367 2050 iuvat
387 1987 515 2051 inmites
536 1991 648 2051 ventos
671 1988 778 2052 audire
801 1987 970 2052 cubantem

197 2070 241 2134 Et
263 2071 426 2135 dominam
446 2074 556 2135 tenero
579 2072 751 2152 detinuisse
773 2072 846 2135 sinu

155 2155 239 2238 Aut,
260 2156 382 2239 gelidas
403 2156 555 2220 hibernus
576 2177 674 2240 aquas
697 2179 768 2221 cum
789 2156 907 2220 fuderit
919 2155 1054 2238 Auster,

198 2238 350 2304 Securum
372 2262 501 2304 somnos
523 2241 623 2305 imbre
645 2242 772 2305 iuvante
798 2241 900 2322 sequi!

157 2323 228 2387 Hoc
249 2323 328 2387 mihi
350 2326 529 2408 contingat:
553 2325 595 2387 sit
616 2325 701 2388 dives
723 2325 810 2405 iure,
833 2326 972 2386 furorem

106 2420 141 2470 50
198 2407 259 2483 Qui
280 2409 378 2471 maris
400 2412 433 2470 et
452 2409 559 2471 tristes
581 2408 664 2470 ferre
686 2410 793 2489 potest
813 2405 947 2488 pluvias.

158 2491 185 2556 Ο
209 2493 394 2573 quantumst
415 2491 482 2553 auri
502 2490 609 2572 potius
631 2492 800 2572 pereatque
823 2488 997 2571 smaragdi,

199 2574 301 2649 Quam
322 2575 397 2637 fleat
418 2573 459 2636 ob
480 2577 605 2637 nostras
626 2573 693 2636 ulla
714 2572 820 2655 puella
842 2572 920 2636 vias

157 2657 201 2721 Τε
223 2658 341 2721 bellare
364 2658 454 2720 decet
474 2659 573 2738 terra,
596 2656 760 2739 Messalla,
783 2655 939 2739 marique,

199 2740 244 2805 Vt
266 2741 376 2806 domus
398 2739 531 2803 hostiles
552 2740 711 2822 praeferat
733 2740 873 2803 exuvias:

108 2836 141 2887 55
157 2824 209 2889 Me
231 2823 371 2886 retinent
391 2823 510 2886 vietum
530 2823 689 2887 formosae
710 2824 815 2888 uincla
835 2823 977 2906 puellae,

198 2907 243 2971 llt
265 2907 358 2982 sedeo
381 2906 475 2970 duras
496 2907 613 2971 ianitor
635 2911 708 2971 ante
730 2908 824 2972 fores

157 2991 234 3057 Non
255 3011 315 3076 ego
338 2990 460 3054 laudari
482 3011 571 3074 curo,
594 3014 665 3055 mea
686 2992 793 3056 Delia:
815 2995 920 3055 tecum

199 3075 285 3138 Dum
307 3074 401 3137 modo
424 3075 499 3155 sim,
522 3096 638 3158 quaeso
660 3077 766 3161 segnis
789 3077 936 3159 inersque
950 3097 1054 3141 vocer.

158 3159 203 3224 Te
225 3162 381 3242 spectem,
404 3180 550 3241 suprema
570 3160 650 3223 mihi
672 3182 744 3224 cum
764 3160 888 3224 venerit
908 3160 1002 3243 hora,

108 3257 144 3307 60
199 3243 245 3307 'Pe
266 3247 394 3308 teneam
414 3243 551 3307 moriens
574 3243 739 3308 deficiente
761 3266 867 3307 manu.

157 3327 265 3392 Flebis
287 3330 319 3391 et
340 3348 450 3391 arsuro
472 3327 611 3409 positum
632 3350 698 3410 me,
720 3327 828 3411 Delia,
851 3329 950 3410 lecto,

200 3412 358 3476 Tristibus
381 3413 413 3476 et
433 3412 572 3475 lacrimis
595 3414 702 3475 oscula
722 3413 824 3476 mixta
845 3411 945 3476 dabie.

158 3495 281 3562 Flebis:
302 3517 370 3561 non
390 3498 446 3561 tua
467 3498 542 3560 sunt
564 3496 641 3560 duro
662 3496 847 3580 praecordia
867 3495 952 3559 ferro
