2302 3922
93 178 134 242 lo
221 251 229 266 ,
353 176 546 241 cunnum
568 175 700 239 cunm.
723 187 824 242 uem.

160 358 177 409 5
197 348 239 407 At
259 366 313 407 vos
332 365 392 426 quo
413 343 503 405 lubet
522 302 598 405 hino
616 346 716 422 obite,
729 313 881 426 lymphue

194 432 268 493 Vini
286 430 459 510 pernicies,¹
471 435 514 499 ,et
534 428 573 488 ad
594 445 718 489 severos

192 514 343 593 MIgrute:
365 513 417 574 hic
435 531 538 573 merus
559 519 608 572 est
629 512 839 592 Thyonianus.

489 651 694 661 .—---——

507 721 672 787 XXVIII.

196 809 321 905 Pisonis
343 847 488 918 eomltes,
507 846 619 905 cohors
639 845 739 905 innuis

193 929 282 1008 Aptis
304 926 467 1010 suroInulis
488 935 522 989 et
542 927 712 1009 expeditis,
904 1002 906 1007 .

193 1012 332 1075 Verunni
354 1015 469 1092 optime
489 1019 585 1090 tuque
606 1013 649 1073 mi
668 1010 826 1088 Fabulle,-

166 1141 168 1144 ψ
193 1096 275 1173 Quid
295 1117 400 1158 rerum
421 1095 553 1176 geritis?
575 1097 690 1157 satisne
713 1115 781 1157 eum
798 1097 858 1156 isto

37 1241 40 1252 ,
157 1189 174 1242 5
195 1181 303 1263 Vuppu
324 1181 503 1260 fulgoruque
525 1185 558 1239 et
578 1180 690 1241 famem
711 1179 852 1242 tulistis?

192 1263 384 1345 Ecquidnom
405 1266 439 1324 in
454 1263 568 1324 tubulis
588 1270 676 1345 putet
696 1263 806 1325 lucelli

191 1350 386 1429 Expensum,
407 1355 443 1408 ut
461 1349 555 1426 mihi,
576 1350 629 1427 qui
649 1368 751 1410 meum
769 1356 891 1410 secutus

191 1432 374 1492 Praetorem
393 1433 498 1492 refero
520 1429 624 1491 (lutum
644 1430 760 1492 lucello

194 1515 239 1575 *0
258 1515 402 1594 MemmI,
423 1517 504 1576 bene
525 1533 575 1575 me
597 1535 633 1574 sc
655 1514 708 1576 diu
726 1517 866 1595 supinum

139 1611 172 1662 10
194 1599 276 1660 Tota
295 1601 355 1660 lstu
373 1600 463 1659 trube
482 1597 587 1659 lentus
604 1600 784 1665 irrumustl’

192 1681 271 1762 Sed,
294 1689 440 1763 quantum
460 1680 567 1758 video,
589 1685 658 1762 pori
676 1684 779 1744 fuistis

193 1767 288 1827 cusu:
309 1786 379 1827 num
400 1764 498 1826 nilusso
520 1767 640 1827 minore
660 1786 755 1849 verps
783 1845 786 1849 .

191 1852 279 1911 Furti
300 1853 383 1912 estis.
413 1858 488 1931 pete
508 1849 630 1912 nobiles
652 1853 773 1912 ammos,

192 1936 234 1995 At
254 1936 340 1995 vobis
360 1933 440 1995 mulo
459 1933 555 1994 multu
576 1935 621 1996 dli
638 1934 780 2016 ‚deaeque

138 2028 171 2081 15
192 2018 291 2094 Dent,
314 2020 481 2101 obprobrio
501 2018 644 2081 Romulei
664 2022 821 2103 Remique.

516 2228 649 2297 XXIX.

194 2313 274 2418 auls
293 2350 353 2411 hoe
372 2357 478 2431 potest
497 2350 624 2430 videre,
646 2355 715 2432 quis
735 2360 841 2435 potest
856 2354 937 2433 poti,

191 2434 260 2494 Nisi
280 2433 452 2514 impudicus
473 2442 507 2495 et
525 2455 619 2508 vorax
640 2442 674 2495 et
694 2435 780 2514 oleo,

190 2516 378 2577 Mamurram
398 2519 514 2582 habere
536 2517 619 2597 quod
641 2519 768 2580 comato
789 2517 891 2582 Gullls

130 2606 133 2613 ’
189 2599 331 2659 Habebat
353 2606 424 2660 unte
443 2607 477 2660 ot
498 2599 606 2661 ultima
626 2603 815 2675 Britannia?¹
953 2670 958 2687 ἱ

154 2692 171 2744 5
194 2680 331 2742 cinaede
351 2682 499 2763 Romule,
522 2685 600 2745 hoec
621 2684 740 2747 videbis
763 2696 797 2748 et
813 2683 925 2748 leresi'

188 2766 231 2828 Et
250 2764 410 2828 illenunc
431 2769 582 2848 superbus
605 2776 637 2830 et
657 2771 850 2851 superfluens

189 2848 422 2912 Perumbulabit
444 2853 578 2913 omnium
600 2852 714 2914 cubfflu

188 2935 233 2995 Ut
252 2931 374 2994 albulus
395 2933 554 2996 columbus
577 2944 629 2999 eut
649 2937 818 3001 Adoneus?
924 2983 926 2987 -

187 3016 325 3079 Cinaede
346 3017 495 3099 Romule,
516 3021 593 3082 haee
615 3022 734 3084 videbis
756 3030 788 3085 et
809 3024 918 3086 feres?

134 3111 169 3165 10
188 3102 231 3163 Es
249 3100 421 3183 Impudicus
440 3111 473 3166 et
492 3125 586 3166 vos-ox
606 3113 640 3166 et
660 3106 739 3167 oleo.

189 3186 277 3246 Eone
298 3189 438 3265 nomme,
459 3191 630 3270 imperator
648 3193 756 3269 unice,

188 3271 290 3330 Fuisti
305 3273 339 3332 in
357 3272 465 3334 ultime
487 3273 657 3336 occidentis
677 3274 794 3353 insulu,
927 3288 929 3293 ⁴

188 3355 232 3415 Ut
252 3355 311 3414 istu
332 3365 435 3418 vestra
456 3357 600 3421 diffututa
619 3357 757 3421 mentula

188 3438 356 3500 DucentIes
378 3449 530 3504 comesset
551 3449 603 3504 out
623 3446 816 3514 trecenties?

213 3649 331 3778 Α,
