2302 3922
336 198 534 272 'cainiti
555 207 688 271 canit.
712 221 755 274 12.

151 379 225 440 Sive
244 386 331 439 traua
348 378 425 439 altra
446 377 605 458 gradietur
625 378 736 458 Alpes,

92 475 128 526 10
148 464 294 524 cremia
313 464 416 524 riaeua
437 464 625 523 moulmenta
645 465 762 541 magni,

152 546 308 608 Gallicum
330 547 470 608 Rhenum
491 545 719 626 horribilesque
742 546 815 609 ulti-

357 649 486 710 maeque
503 631 686 709 Britannos,

150 714 262 775 Omnia
280 715 372 792 haec,
391 708 590 793 quaecunque
610 715 695 775 feret
716 715 858 778 voluntat

152 796 323 876 Caelitum,
343 805 497 879 temptare
518 795 607 858 timul
627 801 744 878 parati,

92 894 127 944 15
149 883 252 943 Pauca
271 884 410 944 nuntiate
427 900 514 943 meac
535 881 658 963 puellae

352 968 422 1027 Non
439 967 521 1028 bona
541 965 632 1027 dicta.

153 1050 231 1111 Cum
253 1052 315 1111 auia
336 1052 416 1111 vivat
435 1049 597 1129 rrleatque
618 1051 772 1110 moechia.

152 1134 237 1210 Quor
255 1133 346 1195 simul
368 1132 526 1215 complexa
546 1141 634 1195 tenet
654 1141 829 1212 trecentae,

151 1215 278 1278 Nullum
299 1237 401 1279 amaua
421 1236 512 1296 rere,
533 1217 589 1278 aed
610 1217 780 1279 identidem
801 1219 934 1279 omnium

91 1311 130 1363 20
355 1301 412 1363 llia
428 1319 590 1382 rumpens:
908 1366 910 1371 ,

152 1385 218 1445 Nec
239 1404 340 1446 meum
358 1392 533 1467 reapectet,
554 1391 588 1445 ut
608 1393 695 1460 ante,
718 1405 868 1465 amorem,

153 1470 213 1546 Qui
233 1468 318 1530 illiue
340 1468 431 1551 culpa
452 1468 565 1529 cecidit
585 1468 671 1530 velut
690 1472 771 1549 prati

150 1553 259 1614 Ultimi
280 1555 356 1634 flou,
377 1559 597 1635 praetereunte
617 1571 764 1632 posquam

359 1638 475 1698 'Factus
496 1642 597 1696 aratra
620 1643 675 1697 eat.

502 1862 582 1926 XII.

155 1945 339 2043 Marrucine
360 1981 464 2061 Asini,
485 2002 575 2043 manu
597 1984 721 2043 sinistra

151 2064 222 2124 Non
243 2064 329 2128 belle
349 2069 447 2127 uteria
467 2067 500 2126 in
521 2068 590 2127 icco
611 2074 702 2146 atque
720 2067 806 2126 vinc:

154 2147 258 2209 Tullia
276 2148 372 2211 lintea
392 2148 660 2229 negligentiarum.

152 2232 223 2292 Hoc
242 2234 355 2294 calaum
378 2252 446 2294 erae
464 2235 573 2315 putari
594 2235 744 2312 sagitte,
765 2233 886 2312 inepte:

114 2327 131 2378 5
153 2316 296 2391 Quamvis
315 2316 440 2377 acrdida
459 2337 512 2378 rea
534 2324 567 2378 et
586 2321 747 2377 invenusta
767 2323 824 2375 est.

152 2400 223 2460 Non
243 2400 346 2468 credin
366 2402 463 2462 mibi?
485 2402 578 2462 crede
600 2399 733 2462 Pollioni
781 2460 783 2465 ,

153 2482 272 2562 Fratri,
294 2485 346 2564 qui
367 2489 420 2545 tua
440 2485 524 2545 furta
543 2485 593 2546 vel
615 2478 741 2544 talento¹

152 2567 269 2628 Mutari
289 2566 383 2628 velit:
405 2575 454 2629 eat
474 2571 556 2629 enim
576 2562 716 2650 leporum

151 2652 293 2711 Diuertus
313 2671 394 2732 puer
414 2673 449 2713 ac
470 2653 658 2713 facetiarum.

95 2746 132 2798 10
153 2735 256 2811 Quare
276 2743 327 2795 aut
347 2735 623 2815 hendecasyllabos
644 2742 801 2796 trecentos

154 2819 307 2898 Expecta,
329 2826 381 2880 aut
401 2821 477 2881 mibi
498 2819 629 2881 linteum
648 2821 791 2899 remitte,
820 2859 823 2864 >

155 2900 245 2978 Quod
266 2923 316 2964 me
335 2923 399 2965 uon
418 2911 521 2965 movet
541 2905 769 2980 aestimatione,

154 2986 272 3048 Verum
286 2995 340 3049 est
358 3008 586 3068 mnemosynum
606 2990 665 3047 mei
687 2984 810 3050 sulaha.

154 3070 231 3130 Nam
252 3071 373 3132 sudaria
393 3073 523 3133 Saetaba
545 3091 582 3132 er
602 3072 749 3132 Hibereis

96 3164 131 3216 15
151 3154 309 3216 Miserunt
328 3157 404 3216 mihi
424 3159 544 3217 muneri
564 3153 713 3216 Fabullus

153 3238 196 3298 Iit
215 3239 403 3311 Veranniua:
426 3241 503 3301 hacc
522 3259 618 3300 amem
637 3257 765 3299 accerse
786 3245 834 3299 eat

151 3323 195 3382 Et
214 3321 436 3385 Veranuiclum
457 3344 556 3385 meum
577 3329 610 3384 et
629 3322 800 3386 Fabullum.
