2302 3922
128 241 164 307 16
504 248 696 303 ruoruaru
995 247 1082 319 [xur.

228 409 359 492 Semper
380 412 413 472 et
435 409 554 471 exclusi
576 409 668 492 signa
689 409 790 473 iacere
811 408 907 472 faces

185 493 253 557 Nec
274 513 405 575 possum
425 492 560 556 infames
576 492 722 555 dominae
744 492 912 556 defendere
933 495 1046 556 noctes

137 589 168 637 10
224 575 351 640 Nobilis
374 576 538 639 obscaenis
560 575 677 638 tradita
699 575 901 639 carminibus.

186 659 269 743 (Nec
289 663 397 722 tamen
418 658 474 722 illa
495 680 571 722 suae
592 662 758 722 revocatur
780 679 907 742 parcere
929 659 1043 741 famae,

227 742 363 825 Turpior
385 745 416 805 et
438 743 534 805 saecli
554 742 660 806 vivere
681 742 829 827 luxuria.)

184 823 252 888 Has
274 826 357 889 inter
378 826 527 910 gravibus
550 847 648 909 cogor
670 825 783 889 deflere
806 826 957 909 querelis,

228 908 386 991 Supplicia
408 932 427 972 a
447 910 554 994 longis
576 909 698 973 tristior
720 909 868 973 excubiis.

139 1003 171 1052 15
185 991 244 1056 llle
259 1014 347 1058 meos
361 1015 534 1076 numquam
548 994 669 1075 patitur
681 993 877 1075 requiescere
891 996 1016 1076 postes,

227 1078 351 1161 Arguta
372 1078 511 1141 referens
534 1078 675 1140 carmina
695 1076 865 1141 blanditia:

186 1159 304 1225 ‘Ianua
325 1161 376 1224 vel
397 1160 526 1224 domina
547 1161 674 1243 penitus
698 1160 854 1224 crudelior
875 1161 957 1243 ipsa,

227 1244 310 1319 Quid
331 1244 410 1308 mihi
431 1248 497 1308 tam
520 1244 606 1307 duris
629 1245 736 1308 clausa
757 1249 843 1308 taces
864 1244 1008 1307 foribus?

186 1327 250 1391 Cur
272 1350 444 1411 numquam
464 1332 604 1392 reserata
624 1349 712 1392 meos
734 1328 875 1392 admittis
897 1347 1035 1409 amoma,

136 1425 169 1472 ‘20
226 1411 343 1474 Nescia
363 1412 496 1474 furtivas
517 1411 646 1475 reddere
667 1415 756 1475 mota
776 1411 906 1494 preces?

184 1494 324 1558 Nullane
345 1494 417 1556 finis
440 1495 500 1557 erit
521 1499 631 1557 nostro
654 1514 803 1559 concessa
825 1494 940 1575 dolori,

229 1576 341 1639 tristis
365 1576 451 1638 etin
472 1577 579 1659 tepido
602 1577 712 1641 limine
734 1599 863 1641 somnus
885 1577 965 1639 erit?

186 1660 239 1723 Me
261 1659 381 1723 mediae
403 1663 514 1722 noctes
521 1709 529 1741 ,
552 1681 602 1722 me
624 1660 728 1723 sidera
748 1681 850 1742 prona
871 1660 1041 1743 iacentem,

228 1743 280 1806 Fri
308 1742 418 1825 'daque
439 1742 508 1806 Eoo
530 1764 582 1805 me
604 1742 690 1805 dolet
711 1765 786 1805 aurs
806 1743 890 1827 gelu.

136 1840 168 1888 25
184 1826 232 1891 Tu
254 1848 322 1889 soa
342 1824 498 1889 humanos
520 1847 692 1909 numquam
716 1826 865 1889 miserata
887 1825 1011 1889 dolores

227 1909 412 1993 Respondes
436 1909 541 1973 tacitis
563 1913 673 1973 mutua
695 1910 898 1983 cardinibus,

186 1993 213 2058 Ο
236 1995 358 2057 utinam
378 1993 511 2058 treisma
532 2014 608 2058 cava
627 2015 699 2057 mea
720 1994 833 2058 vocula
853 1993 933 2056 rima

227 2078 398 2142 Percussus
420 2078 567 2142 dominae
588 2081 691 2141 vertat
711 2078 746 2141 in
767 2077 937 2140 auriculas!

187 2161 237 2225 Sit
257 2162 334 2227 licet
355 2166 387 2226 et
409 2184 485 2226 saxo
507 2162 679 2246 patientior
701 2162 756 2224 illa
778 2160 907 2242 Sicano,

137 2258 171 2306 ao
229 2246 277 2310 Sit
298 2246 374 2311 licet
396 2250 427 2311 et
448 2247 532 2311 ferro
555 2246 663 2310 durior
685 2249 717 2309 et
738 2245 886 2328 chalybe,

187 2329 264 2395 Non
284 2334 392 2395 tamen
418 2332 474 2395 illa
502 2352 574 2394 suos
597 2330 715 2412 poterit
737 2350 926 2413 conpescere
948 2330 1079 2395 ocellos:

230 2414 346 2500 Surget
368 2419 401 2479 et
420 2415 530 2478 invitis
552 2414 682 2497 spiritus
704 2415 738 2476 in
760 2414 907 2477 lacrimis

186 2498 282 2563 Nunc
303 2501 385 2563 iacet
406 2499 535 2561 alterius
557 2497 643 2561 felici
663 2497 739 2560 nixa
760 2497 895 2561 lacerto:

229 2583 273 2646 At
294 2603 364 2645 mea
385 2585 541 2644 nocturno
563 2581 659 2644 verba
681 2580 799 2644 cadunt
820 2578 975 2662 Zephyro.

137 2679 170 2733 35
187 2664 249 2729 Sed
270 2668 305 2727 tu
327 2663 395 2727 sola
415 2665 493 2746 mei,
515 2668 552 2727 tu
571 2664 710 2728 maxima
732 2685 826 2728 causa
847 2663 965 2726 doloris
972 2712 981 2744 ‚

231 2746 327 2810 Victa
348 2747 427 2809 meis
448 2768 525 2809 num
548 2769 634 2828 uam,
657 2748 766 2828 ianua,
788 2746 980 2809 muneribus

188 2830 232 2894 Te
253 2851 319 2893 non
339 2830 404 2893 ulla
425 2850 513 2893 meae
527 2768 628 2893 laesit
647 2828 826 2913 petulantia
846 2829 988 2911 linguae,

230 2914 317 2989 Quae
339 2913 421 2977 solet
441 2913 570 2997 ingrato
592 2913 688 2996 figere
710 2911 800 2975 theta
821 2911 907 2993 loco,

187 2997 233 3062 Vt
252 3020 303 3062 me
324 3001 390 3060 tum
411 2997 509 3080 longa
529 3016 658 3059 raucum
680 2995 801 3078 patiare
823 2996 952 3078 querela

139 3096 171 3146 4ο
230 3081 386 3147 Sollicitas
407 3080 502 3144 trivio
524 3079 714 3163 pervigilare
736 3100 850 3144 moras.

189 3167 234 3230 ut
253 3166 312 3229 tibi
334 3185 531 3261 saepeonovo
554 3163 668 3227 deduxi
690 3164 831 3228 carmina
851 3185 960 3244 versu,

232 3249 407 3332 Osculaque
428 3248 582 3344 mpressis
603 3248 679 3311 nixa
700 3248 772 3312 dedi
793 3247 953 3333 gradibus.

189 3334 274 3396 Ante
294 3337 367 3397 tuos
389 3336 535 3416 quotrens
557 3332 636 3395 uerti
658 3354 724 3414 me,
746 3332 880 3415 perfido,
903 3335 1027 3414 postes,

231 3415 407 3500 Debitaqus
430 3416 562 3482 occultis
585 3418 660 3478 vota
680 3416 740 3478 tuli
762 3416 940 3479 manibusl’

140 3514 171 3561 45
188 3500 276 3565 Haec
298 3501 352 3564 ille
374 3504 406 3564 et
427 3502 534 3583 siquae
554 3499 663 3564 miseri
684 3499 818 3564 novistis
840 3504 983 3564 amantes

373 3838 461 3906 ἢ
