2302 3922
99 227 141 289 20
367 223 559 286 GATULLl
581 221 714 285 otuu.
737 230 779 285 36.
796 229 840 286 37.
932 315 938 326 .

204 396 294 456 Musa
315 393 452 453 doctiore
473 399 522 451 est
543 392 624 475 euim
644 398 773 450 venuste

109 523 117 540 .
205 480 318 558 Magna
339 474 477 538 Caecilio
498 475 641 535 incohata
662 480 769 537 mater.
834 501 841 508 ·

519 683 682 749 XXXVI.
775 734 776 737 ,

206 774 346 867 ilunales
367 805 491 883 Volusi,
513 811 617 866 cacata
637 806 759 883 charta,

206 893 319 954 Votum
341 888 452 950 solvite
471 909 529 970 pro
551 908 618 949 mea
641 888 760 969 puella:

205 976 283 1036 Nam
303 981 427 1035 sanctae
446 975 566 1033 Veneri
587 971 794 1052 Cupidinique
895 1000 898 1007 ·

207 1060 317 1137 Vovit,
340 1060 367 1119 si
387 1059 448 1118 sibi
467 1058 631 1118 restitutus
647 1075 749 1118 essem

168 1144 423 1221 5Desissemque
441 1148 546 1201 truces
568 1141 691 1202 vibrare
712 1141 845 1218 iambos,

205 1227 401 1289 Electissima
421 1226 548 1304 pessimi
568 1232 681 1306 poetae

207 1312 331 1390 Scripta
349 1308 506 1388 tardipedi
526 1308 586 1370 deo
606 1308 744 1370 daturam

207 1394 385 1455 Infeliclbus
405 1390 569 1452 ustulanda
588 1391 709 1471 liguis,

206 1480 248 1538 Et
268 1479 328 1537 boc
349 1476 482 1556 pessima
503 1494 538 1536 se
557 1474 665 1554 puella
683 1475 760 1537 vidit

153 1574 188 1626 10
208 1563 325 1622 iocose
336 1557 443 1640 lepide
463 1577 577 1620 rovere
599 1558 686 1620 diris.

205 1645 309 1723 Nunc,
332 1663 349 1703 o
372 1642 515 1705 caeruleo
537 1650 642 1704 creata
660 1650 774 1724 ponto,

208 1731 293 1805 Quae
312 1733 450 1787 sanctum
471 1726 601 1788 Idalium
621 1727 778 1805 Surosque
800 1733 924 1807 apertos
947 1770 948 1773 ,

208 1815 354 1891 Quaeque
376 1810 718 1891 Anconaronidumque
739 1810 955 1872 arundiuosam

134 1961 136 1965 ,
208 1894 297 1957 Colis¹
317 1913 456 1974 quaeque
477 1897 664 1956 Amathunta
686 1914 825 1976 quaeque
847 1893 963 1975 Golgos

153 1992 185 2043 15
207 1981 354 2058 Quaeque
374 1980 578 2040 Durrachium
600 1980 715 2041 Adriae
738 1982 913 2058 tabernam,
959 1987 971 2040 ἰ

99 2075 110 2103 “·
207 2062 376 2144 Acceptum
394 2064 462 2124 fac'e
484 2063 702 2146 redditumque
723 2072 843 2142 votum,
977 2129 981 2141 ¹

118 2145 126 2163 “
209 2149 244 2209 si
261 2168 324 2208 non
346 2147 528 2229 inlepidum
538 2168 639 2228 neque
660 2151 853 2210 invenustum
874 2156 931 2211 est

206 2235 249 2292 At
269 2253 322 2293 ros
341 2234 462 2293 interea
482 2235 619 2294 venite
608 2253 641 2294 ιιι
662 2235 783 2313 ignem,
832 2247 834 2250 ‘

189 2316 298 2377 Pleni
319 2319 401 2378 ruris
423 2324 457 2378 et
476 2319 681 2378 inficetiarum

72 2437 75 2442 ·
119 2478 120 2481 Ἴ
156 2412 190 2465 20
210 2399 347 2462 Annales
364 2399 490 2478 Volusi,
511 2409 614 2461 cacata
635 2403 750 2461 charta,

519 2609 813 2674 XXXVII..

111 2661 303 2789 Salax
324 2731 453 2790 taberna
472 2748 588 2808 vosque
608 2726 863 2806 contubernales,

207 2815 234 2873 A
256 2810 383 2890 pileatis
400 2832 481 2873 nona
501 2813 650 2873 iratribus
667 2814 748 2894 pila,

97 2965 100 2970 ⁸
209 2893 290 2956 Solis
308 2899 431 2977 putatis
441 2915 511 2958 esse
531 2897 683 2958 mentulas
702 2898 804 2975 vobis,
854 2920 857 2927 ¹

209 2979 291 3040 Solis
312 2979 431 3058 licere,
448 2979 595 3060 quicquid
616 2988 665 3042 est
682 2980 871 3063 puellarum,

88 3111 91 3115 -
173 3075 189 3126 5
212 3064 404 3126 Coniutuere
427 3072 460 3133 et
479 3072 589 3146 putare
611 3073 733 3126 ceteros
753 3064 881 3126 bircosi

104 3165 106 3170 ’
208 3150 274 3226 Au,
298 3150 495 3209 continenter
517 3148 598 3227 quod
620 3149 736 3211 sedetis
755 3140 865 3209 insulsi

187 3232 342 3293 Centum
364 3253 402 3293 au
425 3213 568 3312 ducenti,
588 3254 650 3294 non
669 3235 785 3314 putatis
806 3251 948 3294 ausurum
1018 3304 1024 3311 ⁸

76 3359 83 3374 ,
162 3316 263 3377 Me
287 3336 347 3376 una
370 3316 520 3378 ducentos
542 3320 694 3378 irrumare
716 3318 877 3378 sessores?

209 3401 304 3477 Atqui
328 3408 451 3480 putatet
475 3421 607 3481 namque
628 3404 723 3463 totius
741 3404 828 3463 vobis

157 3495 191 3547 lo
212 3483 362 3545 Frontem
384 3488 532 3547 tabernae
552 3488 765 3568 scorpionibus
787 3487 926 3548 scribam.
976 3485 977 3490 ’
