2302 3922
94 182 135 244 68
296 181 490 248 cornici
505 182 638 245 clau.
655 195 700 248 89.
716 195 759 249 90.
776 195 819 251 91.
834 196 879 250 92.

218 349 283 409 Nec
301 351 423 427 genitor
441 350 648 430 Nympharum
670 351 768 412 abluit
789 353 946 424 Oceanus.

178 432 254 492 Nam
268 432 347 492 nihil
362 439 410 493 est
426 436 586 536 quicquam
600 434 747 513 sceleris,
755 435 837 515 quod
851 437 984 517 prodeat
999 438 1093 520 ultra,

217 516 332 575 Non
308 535 335 575 ιι
357 515 488 576 demisso
512 537 546 578 se
566 521 633 598 ipse
653 527 743 579 voret
763 521 874 601 capite.

487 656 695 666 ——-.-..

392 731 394 742 '
495 731 692 801 LXXXIX.

178 803 311 898 Gellius·
326 845 374 900 est
394 843 510 903 tenuis:
534 841 609 921 quiid
627 843 682 906 nil
702 842 752 902 cui
770 847 833 902 tam
845 844 932 902 'bona
951 848 1051 903 mater

220 922 358 1002 Tamque
378 922 483 984 valens
503 927 584 987 vivat
602 932 726 1005 tamque
742 931 870 986 venusta
890 945 979 986 soror

180 1005 318 1085 Tamque
338 1010 437 1068 bonus
456 1014 583 1088 patruus
603 1015 726 1088 tamque
747 1011 847 1069 omnia
865 1009 958 1090 plena
978 1007 1093 1090 puellis

220 1089 382 1190 (laguena,
404 1111 500 1171 quare
520 1095 546 1153 is
569 1092 689 1154 desinat
710 1112 778 1153 csse
799 1095 925 1153 maceri

142 1182 159 1233 5
180 1156 239 1250 Qui
259 1182 294 1233 ιιι
310 1174 389 1234 nihil
403 1177 547 1255 attingat,
563 1179 624 1238 nisi
628 1175 746 1278 quod·
743 1168 790 1236 fas
808 1182 936 1255 tangere
955 1184 1093 1256 nonest,

221 1258 417 1334 Quantumvis
439 1279 533 1338 quare
555 1262 595 1321 sit
616 1279 719 1320 macer
736 1261 882 1321 invenies

553 1448 627 1513 XO.

177 1517 330 1611 Nascatur
350 1552 459 1630 Magus
481 1569 519 1612 ex
539 1551 622 1612 Gelli
644 1517 811 1631 matrisque
833 1551 966 1612 nefando

221 1635 370 1713 Coniugio
392 1642 425 1695 et
447 1634 545 1695 discat
565 1635 723 1695 Persicum
740 1637 939 1715 aruspicium.

176 1717 253 1776 Nam
270 1717 379 1797 Magus
400 1737 438 1778 er
456 1726 554 1778 matre
574 1726 607 1779 et
628 1726 719 1798 gnato
741 1721 881 1798 gignatur
903 1724 1044 1806 oportet,

221 1800 255 1860 si
274 1820 348 1861 vera
367 1810 414 1862 est
431 1803 598 1862 Persarum
619 1804 712 1883 impia
732 1801 870 1881 relligio,

141 1895 157 1944 5
177 1884 295 1944 Gnatus
315 1891 350 1946 ιιι
369 1893 494 1966 accepto
511 1892 678 1947 veneretur
697 1889 831 1947 carmine
854 1886 939 1947 divos

218 1967 412 2029 Omeutum'
401 1986 435 2030 ιιι
454 1971 574 2030 flamma
595 1973 722 2050 pingue
717 1970 939 2050 liquefaciens.

176 2243 248 2337 Non
266 2278 354 2357 ideo,
377 2277 476 2357 Gelli,
498 2281 657 2359 sperabam
679 2286 711 2340 te
730 2281 805 2339 mihi
824 2278 918 2338 fidum
1048 2336 1053 2344 ,

215 2363 249 2421 ln
268 2364 381 2422 misero
403 2365 463 2422 hoc
482 2370 605 2440 nostro,
622 2365 690 2438 hoc·
702 2363 826 2443 perdito
850 2383 953 2424 amore
973 2365 1061 2443 fore,

169 2444 265 2521 'Quod
284 2451 317 2504 te
340 2465 519 2524 cognossem
541 2448 621 2505 benc
642 2454 870 2506 constantemve
888 2455 1029 2526 putarem

216 2531 279 2589 Aut
299 2547 390 2608 posse
413 2549 430 2587 a
450 2531 534 2608 turpi
556 2537 691 2590 mentem
708 2531 852 2589 inhibere
872 2533 1006 2609 probro,

140 2622 156 2671 5
179 2611 242 2671 Sed
255 2630 357 2690 neque
371 2610 453 2691 quod
466 2620 595 2672 matrem
609 2632 667 2672 nec
682 2632 854 2691 germanam
867 2632 935 2672 esse
950 2613 1089 2674 videbam

168 2688 304 2754 Hanc
325 2697 399 2774 tibi,
421 2697 506 2755 cuius
528 2715 577 2755 me
598 2716 723 2774 magnus
744 2695 857 2756 edebat
878 2716 971 2757 amor.

173 2778 215 2838 Et
236 2781 369 2856 quamvis
389 2785 490 2839 tecum
511 2773 607 2839 multo
630 2781 833 2858 coniungerer
854 2799 927 2855 usu,

216 2861 284 2920 Nou
304 2864 377 2921 satis
397 2862 430 2922 id
451 2881 559 2922 causae
580 2862 773 2922 credideram
795 2881 863 2922 esse
884 2864 951 2922 tibi.

175 2943 224 3002 Tu
243 2946 316 3004 satis
336 2944 371 3004 id
393 2945 493 3005 duxti.
515 2952 633 3006 tanturn
654 2947 712 3007 tibi
733 2943 904 3026 gandium
895 2965 927 3005 ιιι
949 2947 1031 3005 omui

122 3037 155 3088 10
219 3027 316 3107 Culpa
335 3035 398 3107 est,
419 3030 452 3088 in
475 3049 654 3109 quacunque
677 3037 726 3090 est
747 3030 863 3111 aliquid
884 3028 1026 3091 sceleris.

438 3228 440 3233 “
529 3223 639 3289 XCII.

171 3287 287 3383 lsesbia
307 3327 350 3385 mi
372 3320 447 3386 dicit
467 3346 589 3407 semper
608 3327 689 3389 male
709 3347 768 3388 nec
788 3333 870 3387 tacet
891 3346 1024 3405 unquam

165 3408 343 3468 Deme:
365 3410 476 3471 Lesbia
497 3431 546 3472 me
568 3412 740 3507 dispeream
762 3413 822 3472 nisi
844 3417 932 3473 amat.

297 3672 303 3680 .

325 3775 326 3778 ¹
407 3792 409 3796 ¹
461 3790 466 3799 1

371 3790 400 3830 ‘'„s
449 3824 452 3829 ,
463 3758 489 3867 ,ἱ
