2302 3922
108 233 150 298 το
468 234 661 291 raonsaru
1010 231 1069 303 [vi.

124 411 156 462 10
212 397 281 463 Nec
301 400 376 481 pote
399 399 552 480 cognatos
573 397 658 461 inter
678 396 810 459 humare
831 415 942 478 rogos,

172 481 234 547 Sed
248 484 303 544 tua
316 502 403 544 nunc
417 480 561 544 volucres
582 483 689 543 astant
703 500 796 563 super
818 499 891 542 ossa
912 477 1068 558 marinae,

217 564 312 628 Nunc
326 564 386 628 tibi
422 585 458 628 ro
472 564 595 628 tumulo
611 562 818 647 Carpathium
832 582 926 625 omne
940 563 1068 624 marest.

171 647 289 712 Infelix
309 586 443 730 Aquili),
465 651 576 731 raptae
597 647 694 710 timor
716 645 894 727 Orithyiae,

215 729 302 805 Quae
324 730 427 814 spolia
448 751 487 794 ex
507 731 565 794 illo
586 733 678 794 tanta
698 731 786 794 fuere
807 727 887 792 tibi?

126 825 158 876 15
173 815 240 877 Aut
261 813 412 897 quidnam
433 815 535 878 fracta
555 814 690 898 gaudes,
712 813 876 896 Neptune,
900 811 1031 876 carina?

213 897 368 962 Portabat
389 901 515 962 sanctos
537 899 644 961 alveus
665 898 720 961 ille
741 897 836 960 viros.

172 980 283 1063 Pacta,
299 981 375 1065 quid
389 983 526 1045 aetatem
539 981 710 1044 numeras?
734 980 809 1063 quid
825 1000 897 1043 cara
909 979 1035 1042 natanti

214 1064 319 1129 Mater
339 1066 375 1129 in
396 1086 451 1128 ore
472 1064 584 1129 tibist?
606 1063 792 1129 nonhabet
813 1063 899 1127 unda
919 1062 1005 1126 deos.

172 1147 257 1213 Nam
277 1149 338 1212 tibi
358 1149 523 1213 nocturnis
544 1147 585 1212 ad
606 1171 682 1212 saxa
703 1149 802 1232 ligata
822 1146 971 1230 procellis

122 1244 174 1307 20¹
214 1231 329 1296 Omnia
351 1232 466 1297 detrito
488 1233 615 1297 vincula
635 1233 712 1296 fune
733 1232 858 1296 cadunt.

154 1313 255 1403 {Sunt
274 1316 546 1401 Agamemnonias
567 1317 719 1381 testantia
740 1315 835 1379 litora
856 1334 962 1394 ouras,

215 1398 301 1474 Quae
322 1403 416 1463 notat
436 1401 585 1484 Argynni
606 1421 709 1483 poena
729 1397 1004 1462 Athamantiadae.

171 1481 244 1545 Hoc
264 1483 377 1546 iuvene
399 1482 516 1546 amisso
538 1483 671 1547 classem
691 1504 759 1546 non
784 1482 880 1546 solvit
900 1479 1042 1563 Atridas,

213 1564 276 1626 Pro
299 1585 361 1647 qua
380 1567 549 1630 mactatast
569 1564 738 1649 Iphigenia
758 1566 879 1629 mora.)

122 1660 155 1708 29
171 1646 235 1728 lte,
258 1649 343 1710 rates
365 1667 476 1710 curvas
498 1650 531 1711 et
552 1648 608 1711 leti
629 1648 727 1712 texite
749 1668 873 1712 causas:

122 1742 157 1791 30
212 1728 280 1792 lsta
300 1730 533 1812 perhumanae
555 1751 640 1794 mors
662 1731 750 1794 venit
770 1733 842 1794 acta
861 1750 984 1793 manus.

174 1812 271 1876 Terra
291 1834 404 1896 parum
425 1812 530 1877 fuerat
550 1813 640 1895 fatis,
663 1813 834 1878 adiecimus
857 1811 973 1876 undas:

214 1895 375 1961 Fortunae
396 1897 528 1962 miseras
550 1898 694 1962 auximus
716 1899 783 1961 arte
803 1897 882 1961 vias.

171 1979 301 2046 Ancora
321 1984 355 2044 te
375 1982 496 2064 teneat,
520 2003 615 2067 quem
635 2002 702 2047 non
722 1984 852 2046 tenuere
873 1979 1033 2044 Penates?

215 2062 298 2139 Quid
318 2065 468 2130 meritum
489 2065 590 2148 dicas,
613 2066 665 2131 oui
686 2088 744 2130 sua
764 2067 849 2130 terra
869 2063 1033 2149 parumst?

122 2158 156 2209 tt
170 2145 394 2232 Ventorumst,
412 2148 632 2235 quodcumque
650 2170 758 2234 paras:
780 2149 859 2213 haut
877 2149 943 2213 ulla
963 2147 1070 2212 carina

214 2229 405 2315 Oonsenuit,
426 2233 512 2297 fallit
531 2237 643 2318 portus
665 2238 698 2298 et
718 2234 787 2317 ipse
807 2233 912 2297 fidem.

171 2312 295 2380 Natura
315 2316 469 2380 insidians
490 2321 626 2400 pontum
647 2317 820 2382 substravit
841 2316 957 2381 avaris:

213 2397 259 2463 Vt
279 2399 339 2462 tihi
361 2400 524 2482 succedat,
546 2401 600 2465 vix
620 2401 719 2465 semel
741 2422 809 2465 esse
830 2402 945 2484 potest
1052 2427 1055 2434 ·

174 2478 258 2546 Saxa
278 2483 495 2567 triumphales
507 2484 631 2568 fregere
654 2483 818 2569 Capherea
837 2503 974 2567 puppes,

121 2576 156 2626 40
211 2564 378 2652 Naufraga
400 2588 472 2632 cum
493 2571 584 2632 vasto
606 2567 740 2633 Graecia
760 2570 862 2632 tracta
883 2566 990 2631 salost.

171 2646 330 2714 Paulatim
352 2651 474 2716 socium
495 2651 649 2716 iacturam
670 2651 759 2716 flevit
778 2651 903 2733 Vlixes,

213 2732 254 2796 In
274 2755 361 2797 mare
384 2735 436 2798 oui
457 2735 544 2799 soliti
564 2755 632 2799 non
652 2735 778 2799 valuere
800 2734 874 2797 doli.

173 2813 265 2891 Quod
287 2815 315 2878 si
337 2818 507 2880 contentus
528 2816 631 2901 patrio
655 2818 736 2881 bove
756 2818 893 2880 verteret
914 2833 1025 2898 agros,

213 2897 381 2989 Verbaque
403 2898 545 2965 duxisset
586 2899 689 2980 ondus
710 2898 933 2979 haberemea,

122 2993 156 3045 45
170 2979 301 3046 Viveret
322 2984 396 3046 ante
419 3001 493 3046 suos
515 2983 536 3046 d
571 2985 616 3049 cis
638 2983 771 3047 conviva
792 2981 942 3062 Penates,

215 3064 354 3149 Pauper,
376 3067 411 3131 at
431 3065 466 3130 in
486 3068 584 3149 terra,
606 3067 654 3130 nil
674 3065 730 3129 ubi
750 3065 826 3129 flare
848 3067 963 3149 potest.

171 3149 249 3215 Non
268 3148 345 3214 tulit
364 3146 418 3215 hic
439 3148 555 3215 Paetus
578 3149 746 3215 stridorem
767 3148 875 3215 audire
897 3148 1055 3233 procellae

215 3233 261 3298 Et
281 3234 360 3299 duro
382 3237 508 3299 teneras
529 3233 654 3298 laedere
674 3233 751 3298 fune
771 3254 898 3315 manus,

174 3317 237 3383 Sed
258 3317 348 3401 thyio
370 3317 512 3383 thalamo
533 3321 589 3383 aut
610 3317 716 3382 Oricia
736 3317 917 3383 terebintho

125 3413 158 3463 50
214 3402 258 3466 Et
278 3401 396 3468 fultum
416 3403 525 3487 pluma
545 3401 734 3468 versicolore
757 3405 860 3485 caput.

173 3484 258 3549 Huic
279 3485 393 3552 fluctus
415 3489 487 3552 vivo
510 3487 660 3552 radicitus
682 3487 814 3551 abstulit
834 3505 970 3570 ungues,

5 3642 121 3813 ’ἢ
