2302 3922
91 195 137 266 u]
479 194 586 250 umus
609 196 638 252 v.
1010 187 1048 252 97

133 357 247 442 Meque
269 359 372 424 virum
394 361 520 443 sumpta
542 359 612 443 quis
634 361 732 442 neget
753 378 822 423 esse
842 355 943 442 toga?

91 441 141 506 Da
162 443 276 507 falcem
298 446 331 507 et
351 446 436 508 torto
459 444 598 507 frontem
619 442 699 506 mihi
713 441 875 526 comprime
890 441 1000 505 faeno:
1018 451 1051 502 25

133 526 257 591 Iurabis
278 530 389 592 nostra
410 527 557 612 gramina
578 529 664 591 secta
684 547 790 590 manu.

91 611 192 675 Arma
212 612 273 675 tuli
294 611 455 695 quondam
477 614 523 693 et,
545 610 686 693 memini,
708 609 860 674 laudabar
881 610 916 673 in
937 608 1016 672 illis:

134 695 248 760 Corbis
270 695 304 758 in
326 695 466 779 inposito
488 694 628 779 pondere
649 715 771 758 messor
792 715 887 758 cram.

92 777 224 844 Sobrius
246 779 286 843 ad
307 779 395 843 lites:
418 783 452 844 at
474 782 577 844 cumst
597 779 725 863 inposta
746 797 879 862 corona,

135 860 297 928 Clamabis
320 863 417 947 capiti
438 863 515 928 vina
536 863 658 928 subisse
679 883 758 926 meo,
1019 872 1055 924 ³0

93 945 196 1032 Cinge
219 949 315 1032 caput
335 947 443 1031 mitra,
467 948 604 1032 speeiem
625 947 757 1011 furabor
778 944 900 1011 Iacchi:

136 1030 278 1095 Furabor
298 1030 435 1115 Phoebi,
458 1032 486 1096 si
507 1031 601 1095 modo
624 1031 745 1114 plectra
766 1029 865 1094 dabis.

95 1113 244 1182 Oassibus
266 1116 301 1179 in
324 1115 414 1179 ositis
435 1136 549 1180 venor:
572 1115 628 1180 sed
648 1113 823 1178 harundine
845 1115 972 1198 sumpta

136 1199 263 1264 Faunus
285 1139 431 1284 piumoso
454 1221 524 1264 sum
546 1199 622 1264 deus
644 1199 788 1282 aucupio.

94 1284 156 1349 Est
177 1284 272 1348 etiam
294 1283 422 1368 aurigae
443 1284 564 1368 species
585 1282 780 1348 Vertumnus
802 1284 834 1346 ct
861 1281 943 1364 eius,
1022 1293 1055 1342 35

137 1367 257 1432 Traiicit
278 1368 402 1432 alterno
424 1368 480 1451 qui
500 1368 569 1432 leve
589 1366 716 1451 pondus
738 1386 829 1450 equo.

95 1451 140 1519 Su
163 1452 348 1536 psiathos,
370 1453 474 1536 pisces
496 1453 617 1517 calamo
638 1450 829 1535 praedabor‚
852 1453 884 1515 ct
904 1450 957 1514 ibo

170 1536 275 1600 undus
297 1537 443 1601 demissis
464 1536 594 1600 institor
614 1535 650 1599 in
671 1535 797 1600 tunicis.

96 1619 261 1684 Pastorem
283 1620 323 1684 ad
344 1620 491 1685 baculum
513 1641 644 1704 possum
666 1640 775 1684 curare
795 1619 847 1683 rel
868 1618 952 1683 idem

139 1703 304 1788 Sirpiculis
325 1705 431 1769 medio
453 1705 582 1802 pulvere
603 1704 687 1768 ferre
704 1725 818 1768 rosam.
1024 1714 1057 1763 40

96 1786 181 1853 Nam
217 1789 293 1871 quid
327 1809 388 1874 ego
417 1788 573 1871 admiam,
609 1788 649 1852 de
680 1808 743 1935 qrfro
771 1786 851 1851 mihi
879 1785 1016 1851 maxima

718 1875 819 1935 amast
945 1930 947 1934 .

139 1955 315 2019 Hortorum
337 1955 372 2018 in
392 1956 539 2019 manibus
561 1954 646 2019 dona
667 1953 801 2038 probata
822 1919 923 2017 ineis?

98 2038 269 2105 Caeruleus
292 2039 432 2103 cucumis
453 2037 637 2134 tumidoque
660 2037 822 2103 cucurbita
843 2040 954 2102 ventre

140 2122 193 2187 Me
215 2125 307 2188 notat
329 2125 361 2186 et
381 2123 476 2186 iunco
498 2121 638 2186 brassrca
660 2122 766 2186 vincta
786 2121 864 2204 leri,

98 2205 167 2272 Nec
188 2206 247 2272 flos
268 2207 351 2270 ullus
373 2205 442 2269 hiat
462 2205 577 2290 pratis,
601 2206 678 2289 quin
698 2206 752 2270 ille
774 2206 921 2270 decenter
1026 2217 1061 2266 45

141 2291 303 2375 Inpositus
324 2290 425 2354 fronti
446 2290 598 2375 langueat
619 2292 692 2354 ante
712 2311 809 2354 meae.

99 2377 145 2440 At
165 2375 258 2458 mihi,
281 2374 367 2458 quod
388 2374 507 2438 formas
528 2395 610 2438 unus
631 2374 777 2438 vertebar
797 2374 832 2438 in
854 2394 974 2456 omnes,

141 2458 268 2524 Nomen
289 2458 330 2523 ab
352 2461 468 2523 eventu
488 2459 592 2542 patria
613 2459 724 2543 lingua
744 2457 846 2542 dedit;

99 2543 144 2608 Et
164 2545 209 2626 tu,
230 2542 342 2625 Roma,
364 2543 444 2606 meis
465 2542 606 2607 tribuisti
626 2542 767 2626 praemia
787 2541 907 2624 Tuscis,

143 2626 236 2691 Vnde
257 2626 353 2691 hodie
374 2627 463 2691 ricus
484 2627 615 2691 nomina
636 2626 757 2690 Tuscus
778 2625 892 2707 habet,
1027 2636 1063 2688 50

100 2711 255 2795 Tempore
277 2732 340 2794 quo
363 2710 458 2776 sociis
480 2710 569 2775 venit
582 2709 790 2794 Lycomedius
813 2710 908 2775 armis

142 2797 249 2880 Atque
272 2793 390 2860 Sabina
411 2795 472 2859 feri
494 2795 640 2860 contudit
661 2817 748 2858 arma
770 2794 851 2859 Tati.

99 2879 174 2943 Vidi
196 2900 255 2963 ego
278 2880 422 2944 labentes
445 2879 528 2944 acies
550 2881 584 2943 et
603 2879 668 2943 tela
689 2879 822 2962 caduca,

142 2963 248 3044 Atque
270 2961 379 3028 hostes
400 2963 488 3047 turpi
508 2966 602 3048 terga
622 2962 746 3028 dedisse
768 2963 872 3048 fugae.

101 3045 298 3127 scoferius,
321 3045 428 3111 divum
450 3049 551 3130 sator,
573 3050 610 3110 ut
630 3046 776 3111 Romana
796 3066 854 3130 per
875 3046 986 3111 aarum
1028 3058 1067 3108 55>

143 3128 298 3193 [trauseat
319 3135 393 3194 anto
413 3151 501 3196 meos
523 3131 616 3196 turba
637 3134 670 3195 to
696 3133 748 3195 ata
768 3129 875 3227 pedes.
916 3170 918 3175 -

102 3213 164 3278 Sex
186 3215 337 3297 superant
357 3234 481 3279 versus:
503 3218 552 3298 te,
575 3215 629 3298 qui
650 3153 695 3278 ad
712 3212 893 3279 vadimonia
908 3214 1018 3298 curris

143 3296 220 3363 Non
241 3317 360 3361 moror:
383 3297 461 3363 haec
483 3299 595 3382 spatiis
616 3298 730 3362 ultima
750 3300 836 3362 meta
857 3298 945 3362 meis.

103 3380 209 3465 Stipes
231 3401 365 3445 acernus
387 3402 490 3465 eram,
513 3382 697 3467 properanti
717 3381 798 3446 falce
821 3381 954 3465 dolatur,

145 3467 232 3528 Ante
253 3464 393 3530 Numam
415 3468 508 3550 grata
529 3486 649 3549 pauper
670 3465 705 3530 in
725 3465 804 3531 urbe
826 3465 910 3532 deus.
1030 3477 1064 3529 60

153 3567 303 3608 Puorsarxva.
895 3573 910 3621 '1
