2302 3922
1060 109 1099 166 XI

166 277 312 346 xxxva,
327 283 371 335 11.
394 275 466 332 Nam
483 277 522 330 mi
537 276 639 347 vulgo,
659 291 724 330 nam
736 290 780 333 me
794 276 871 345 libri;
888 278 1008 334 tortasse
1019 294 1098 334 nam·

81 379 155 440 qne,
173 379 232 417 non
247 362 323 416 enim
340 362 432 415 obstat
446 360 556 414 iteratio
572 360 734 430 particulae.

167 471 265 538 XLIV,
281 475 324 529 12.
346 469 414 541 Lepi
426 470 487 524 libri
505 485 618 537 omues,
636 469 789 542 Bergkius,
805 472 867 543 epa
886 474 983 545 vulgo.
997 503 1041 515 -
1056 476 1099 532 13.

80 559 138 615 Hie
154 557 235 625 libri,
250 554 315 609 bine
328 553 477 625 Bergkius.
498 583 540 594 -
559 559 603 612 bt).
618 553 720 626 Frr'pur
734 555 809 621 liin,
827 554 966 629 llerglrius
980 557 1100 613 coniecit

79 643 168 698 einer.
185 669 229 679 -
249 643 293 696 21.
309 637 377 710 tear·
388 637 528 709 Berglrius
546 644 572 691 et
588 637 739 709 IIauptius‚
756 640 817 711 lepit
830 640 907 708 libri,
921 641 1017 712 vulgo.

168 765 261 832 XLV,
278 769 306 823 9.
338 763 476 838 Dextram
568 763 792 836 approbationem
807 764 841 841 P,
857 764 909 834 Dr,
929 765 1032 821 dextra
1047 807 1053 820 .
1069 805 1100 821 ..

81 849 309 925 approbationem
330 847 405 926 Gn„
424 848 552 915 dextram
569 887 577 902 .
593 888 600 902 .
615 888 621 902 .
637 848 836 919 approbatione
851 847 922 926 Gu2,
942 849 1044 905 dextra

81 933 283 1008 approbatione
299 932 385 987 ceteri
403 931 475 986 libri.
521 936 564 990 18.
581 931 719 987 Dextram
733 972 741 987 .
755 972 783 989 ..
799 933 1023 1004 approbationem
1039 933 1100 988 libri

80 1018 227 1091 plerique,
252 1016 353 1071 dextra
429 1015 627 1088 approbatione
647 1015 681 1092 P,
696 1018 737 1071 Pu
751 1014 815 1092 ⁶¹¹1·
858 1016 1027 1073 Dextra
1047 1034 1100 1090 ap·

80 1102 272 1174 probatrhnem
294 1099 498 1154 Lachmannus.
532 1100 640 1154 Mutari
662 1099 913 1171 interpunctionem
933 1106 961 1155 et
986 1101 1102 1157 codices

83 1186 220 1241 meliores
237 1190 350 1239 secutus
364 1199 435 1238 sum.
467 1181 610 1238 Sententia
623 1181 694 1239 haec
710 1189 767 1239 est:
787 1183 890 1250 Amor,
907 1191 936 1239 ut
950 1191 1013 1239 aute
1028 1186 1101 1241 lece·

83 1276 144 1335 rat,
166 1286 184 1324 a
204 1269 317 1323 siuistra
336 1266 373 1322 ad
390 1265 517 1321 dextram
534 1266 668 1337 sternuit,
692 1284 763 1339 quae
783 1269 832 1323 tuit
850 1267 949 1322 dextra
965 1271 1102 1340 approba·

82 1355 123 1410 tio
140 1353 189 1408 vel
204 1367 286 1407 omen
300 1350 467 1406 secundum.

172 1478 216 1532 LI.
247 1477 312 1532 Post
332 1477 476 1548 stropham
496 1477 604 1532 tertiam
624 1478 725 1532 lacuna
741 1477 851 1533 videtur
869 1495 945 1537 esse.
962 1477 1102 1552 Berglaius

85 1562 234 1634 stropham
253 1567 378 1631 quartam
400 1560 437 1615 ad
455 1561 531 1616 aliud
546 1576 659 1615 carmen
672 1562 812 1632 pertinere
828 1569 930 1618 censet

171 1687 241 1742 LIV.
279 1686 310 1740 In
338 1685 393 1742 duo
416 1687 540 1741 carmina
564 1686 663 1755 divisi,
689 1695 834 1760 utrumque
860 1696 904 1744 est
927 1690 1101 1744 lacunosum.

85 1788 188 1828 omues
202 1769 232 1826 hi
247 1787 348 1850 versus
364 1771 393 1825 in
409 1771 485 1826 libris
501 1772 639 1842 superiori
654 1773 771 1827 carmini
787 1773 871 1827 iuncti
887 1779 965 1839 sunt,
982 1772 1037 1827 duo
1055 1787 1102 1826 ex·

83 1856 168 1913 tremi
190 1852 443 1930 lnGu1‚Gu2,P²
466 1857 654 1925 subsequenti,
676 1868 717 1896 -’-
738 1857 769 1910 lu
791 1858 906 1926 lacuna,
935 1872 1018 1926 quam
1038 1863 1103 1927 post

85 1955 203 1996 versum
223 1938 345 2009 primum
364 1936 502 2006 indicavi,
529 1938 642 1995 codices
664 1948 691 1995 et
710 1940 794 1995 editio
812 1941 944 2011 princeps
960 1940 1014 1996 hos
1035 1955 1101 1996 ver·

87 2041 137 2079 sus
152 2028 322 2094 posuerunt:
348 2020 410 2077 Hae
422 2023 540 2077 mennae
557 2022 604 2077 tibi
615 2039 717 2095 poema
730 2024 789 2096 secr·
800 2025 850 2080 Ea
862 2041 915 2096 quo
927 2027 1103 2096 perspiceres

85 2122 178 2162 meum
194 2106 321 2160 dotorem.
343 2133 384 2143 -
403 2111 430 2163 2.
447 2106 541 2160 Eteri
554 2106 576 2160 G
592 2106 660 2182 Gu„
686 2113 712 2162 et
726 2108 789 2162 beri
803 2109 928 2178 plerique
944 2109 1020 2176 libri,
1041 2108 1104 2162 lteri

85 2193 145 2260 Pu,
159 2195 184 2246 et
197 2189 252 2244 bea
261 2189 293 2243 F.
309 2219 349 2228 --
363 2194 388 2247 5.
404 2188 514 2261 Saffitio
530 2190 606 2255 libri,
626 2190 742 2262 anlitio
755 2191 802 2244 vel
814 2191 915 2261 Fnfitio
929 2193 1031 2263 vulgo,
1048 2193 1104 2245 lor·

85 2281 166 2330 tasse
183 2279 267 2327 recte.

86 2413 93 2432 .
173 2384 235 2451 LV,
252 2389 277 2440 1.
307 2380 451 2438 Molestum
470 2389 512 2437 est
530 2384 563 2459 P1
578 2384 614 2458 P,
629 2383 684 2458 Gn,
701 2381 762 2437 ΜΕ
786 2384 887 2455 vulgo,
918 2384 1046 2439 molestus
1064 2391 1105 2439 est

87 2465 280 2541 GCLDGu1,
303 2464 369 2522 hinc
393 2466 501 2521 conieci
523 2463 670 2522 molertn's.
692 2496 733 2507 —-
758 2467 843 2523 Vere.
858 2472 982 2537 13-33,
1006 2469 1051 2538 qui
1075 2469 1102 2522 in

86 2551 168 2607 libris
182 2557 248 2621 post
264 2549 347 2604 LVIII
362 2550 505 2621 leguntur,
525 2552 660 2606 collocavi
677 2567 738 2605 cum
756 2551 933 2607 Lachmauno
949 2558 1013 2623 post
1027 2568 1103 2606 vers.

87 2640 133 2694 13.
171 2635 277 2705 Magna
296 2650 430 2689 versuum
449 2635 730 2705 interpunctionisque
752 2636 935 2691 conturbatio.
967 2635 1056 2690 Incidi
1075 2637 1103 2690 in

86 2717 210 2774 eandem
230 2734 363 2772 versuum
383 2709 627 2788 transpositionem
648 2735 730 2789 quam
744 2721 868 2775 Muretus
889 2719 1103 2775 commendave-

86 2808 154 2858 rat·
171 2802 281 2857 Etenim
296 2802 324 2855 in
342 2801 418 2855 libris
434 2808 461 2855 et
473 2801 640 2856 editionibus
655 2803 686 2857 hi
700 2820 800 2859 versus
819 2804 859 2860 sic
874 2805 1003 2875 leguntur

295 2913 360 2968 Non
374 2919 467 2969 eustos
484 2915 507 2968 si
525 2914 615 2985 fingar
629 2914 675 2968 ille
692 2914 801 2970 Cretum
851 2945 860 2959 -

298 3013 355 3051 non
370 2998 393 3052 si
411 2999 536 3069 Pegaseo
553 3000 627 3051 ferar
641 3000 745 3055 volatu.

185 3103 188 3107 ⁴
298 3097 354 3134 non
369 3081 461 3136 Ladas
478 3097 531 3152 ego
547 3082 723 3152 pennIpesve
739 3083 857 3136 Perseus

297 3180 354 3218 non
368 3163 454 3220 Rhesi
469 3166 569 3219 niveae
584 3166 710 3234 citaeque
727 3167 821 3237 bIgae.

87 3275 214 3330 Protesis
237 3275 333 3346 incipit
356 3293 476 3333 aversa
496 3281 531 3335 13
550 3276 613 3331 Non
636 3281 725 3331 cuens
747 3278 773 3331 si
792 3277 899 3348 finpar,
929 3275 1064 3347 apodosis
1086 3293 1105 3332 a

86 3374 178 3414 versu
193 3364 230 3418 30
246 3356 382 3432 Defessus
395 3366 494 3417 tamen.
512 3393 552 3404 —
573 3359 660 3414 Nirea
680 3362 785 3432 citaque
801 3360 864 3434 bipo
886 3359 925 3421 sle
947 3361 1118 3416 coniectura
