2302 3922
113 219 154 283 96
492 221 684 277 raoraauu
1044 220 1079 290 [1.
1133 233 1140 239 ·

177 386 262 451 Nam
282 382 344 447 tibi
364 381 510 447 victrices
532 403 745 465 quascumque
771 381 880 446 labore
901 381 1033 464 parasti,

116 482 165 532 140
221 467 340 533 Eludet
361 467 482 549 palmas
503 488 567 529 una
588 467 697 548 puella
718 469 803 530 tuas:

178 552 223 616 Et
243 552 325 614 bene
347 570 419 614 cum
440 550 538 613 fixum
559 553 667 613 mento
690 548 875 614 discusseris
896 568 1025 632 uncum,

221 634 278 699 Nil
300 634 361 697 erit
380 633 451 716 hoc,
473 636 577 697 rostro
599 637 632 697 te
654 636 778 716 premet
798 654 876 696 ansa
898 653 965 696 suo.

179 717 271 782 Illius
294 716 425 781 arbitrio
447 719 576 781 noctem
596 717 761 800 lucemque
782 716 918 780 videbis:

224 801 324 865 Gutta
345 821 471 883 quoque
493 822 531 864 cx
554 800 654 865 oculis
675 820 743 863 non
763 800 827 864 nisi
847 800 934 864 iussa
956 797 1057 864 cadet

119 898 167 947 145
182 883 252 950 Nec
273 883 361 948 mille
383 883 531 948 excubiae
552 905 612 948 neo
633 886 665 947 te
688 883 814 968 signata
834 883 989 947 iuvabunt

223 968 362 1032 Limina:
384 988 551 1051 persuasae
572 966 683 1030 fallere
703 969 784 1031 rima
799 970 849 1032 sat
868 969 925 1031 est.

181 1051 277 1117 Nunc
297 1055 353 1114 tua
374 1051 425 1115 vel
446 1051 558 1115 mediis
579 1050 695 1134 puppis
716 1051 852 1115 luctetur
873 1051 908 1114 in
929 1049 1035 1134 undis,

224 1134 286 1199 Vel
307 1135 382 1199 lieet
404 1135 533 1198 armatis
555 1134 657 1198 hostis
678 1134 808 1198 inermis
831 1155 900 1217 eac,

182 1217 245 1285 Vel
266 1219 452 1283 tremefacta
474 1238 550 1282 cavo
572 1218 667 1282 tellus
690 1218 818 1283 diducat
838 1216 974 1302 hiatum,

77 1352 82 1361 ,
121 1314 171 1365 160
228 1301 393 1386 Ootipedis
415 1301 530 1368 Caneri
551 1305 643 1386 terga
664 1302 793 1366 sinistra
813 1302 913 1398 time?

525 1424 677 1434 ———-

574 1499 621 1571 Π.

186 1618 270 1694 Quid
291 1618 407 1681 mirare
428 1638 514 1682 meas
535 1620 587 1682 tot
606 1619 642 1681 in
662 1639 726 1682 uno
742 1639 874 1703 corpore
895 1619 1037 1695 formas?

227 1702 347 1786 Accipe
368 1700 538 1765 Vertumni
559 1701 652 1786 signa
672 1704 805 1785 paterna
827 1703 886 1766 dei.

186 1786 307 1850 Tuscus
330 1805 390 1869 ego
413 1786 445 1848 et
466 1784 577 1848 Tuscis
600 1784 699 1866 orior,
721 1805 781 1848 nec
802 1786 945 1868 paenitet
967 1787 1051 1852 inter

228 1868 355 1933 Proelia
376 1866 551 1932 Volsunios
573 1867 748 1932 deseruisse
769 1869 868 1933 focos.

160 1953 279 2017 oHaeo
301 1974 351 2017 me
373 1952 467 2016 turba
487 1953 584 2035 iuvat,
605 1973 666 2016 nec
686 1955 752 2017 tem
774 1952 806 2016 lo
822 1954 923 2017 laetor
945 1954 1082 2020 eburno:

229 2036 409 2101 Romanum
431 2037 507 2100 satis
530 2039 578 2101 est
598 2057 692 2121 posse
713 1975 819 2101 videre
841 2037 955 2101 forum.

187 2119 257 2184 Hac
279 2119 439 2203 quondam
460 2120 627 2185 Tiberinus
649 2120 877 2204 iterfaciebat‚
900 2124 932 2184 et
952 2121 1041 2184 aiunt

194 2209 196 2212 ’
230 2204 403 2269 Remorum
425 2204 548 2269 auditos
569 2226 627 2289 per
647 2204 728 2268 vada
748 2204 840 2289 pulsa
860 2225 970 2269 sonos:

189 2289 236 2352 At
279 2291 425 2371 ostquam
446 2288 501 2352 ille
523 2289 588 2352 suis
609 2291 735 2352 tantum
756 2289 914 2354 concessit
935 2287 1082 2372 alumnis,

142 2385 174 2434 10
262 2374 425 2435 ertumnus
446 2393 536 2435 verso
560 2372 648 2436 dicor
669 2372 708 2436 ab
731 2393 823 2436 amne
845 2372 931 2436 deus.

189 2454 253 2520 Seu
285 2455 359 2538 quia
380 2455 532 2519 vertentis
552 2455 688 2520 fructum
712 2456 944 2540 praecerpimus
967 2454 1059 2538 anni,

232 2504 402 2603 ldertumni
423 2560 531 2602 narsus
547 2539 684 2603 creditur
706 2561 774 2604 esse
797 2561 931 2604 sacrum.

190 2622 399 2690 Primamihi
419 2623 521 2687 variat
541 2623 712 2688 liventibus
734 2644 795 2688 uva
814 2623 963 2705 racemis,

233 2706 277 2770 Et
299 2728 390 2770 coma
410 2707 541 2770 lactenti
562 2707 668 2803 spicea
686 2706 779 2789 fruge
799 2708 911 2769 tumet.

143 2802 175 2852 10
190 2788 253 2853 Hic
275 2788 381 2852 dulces
404 2810 538 2873 cerasos,
560 2788 612 2853 hro
635 2787 829 2852 autumnalia
849 2806 952 2869 prima

235 2868 346 2936 Cernis
369 2873 401 2934 et
423 2873 541 2936 aestivo
563 2893 654 2936 mora
674 2870 785 2934 rubere
807 2869 867 2932 die.

192 2955 311 3020 Insitor
331 2953 385 3017 hic
406 2954 502 3018 solvit
521 2976 654 3041 pomosa
674 2956 750 3018 vota
771 2973 901 3036 corona,

235 3037 316 3104 Cum
337 3038 425 3122 pirus
440 3037 541 3102 invito
564 3040 605 3104 sti
627 3039 671 3102 ite
693 3038 778 3100 mala
799 3037 882 3101 tulit.

193 3123 331 3188 Mendax
350 3121 436 3186 fama
457 3142 568 3187 noces:
624 3122 670 3186 'us
691 3119 772 3185 mihi
792 3121 932 3187 nominis
954 3121 1065 3189 indexr

144 3221 177 3270 20
233 3206 283 3272 De
306 3228 340 3271 se
360 3205 503 3271 narranti
522 3208 560 3271 tu
579 3204 674 3303 modo
697 3205 788 3271 credo
809 3205 879 3272 dec.

195 3291 999 3460 latitantia&tttffitttta.

194 3457 295 3523 Indue
317 3480 368 3523 me
391 3460 477 3544 Cois,
499 3459 573 3524 fiam
594 3480 661 3524 non
683 3459 760 3525 dura
780 3460 902 3545 puella:
