2302 3922
107 202 140 273 1.]
491 197 599 251 mam
619 196 655 252 11.
1012 186 1055 251 23

94 363 178 428 Nam
194 361 340 445 quotiens
353 360 511 423 Mutinam
527 363 582 423 aut
598 359 703 422 civilia
717 359 811 422 busta
825 354 992 438 Philippos

137 447 204 510 Aut
227 465 371 509 canerem
394 442 518 507 Siculae
541 443 672 507 classica
694 443 777 506 bella
797 441 893 524 fugae

94 530 294 612 Eversosque
313 529 402 592 focos
424 528 572 610 antiquae
594 527 700 611 gentis
721 527 875 590 Etruscae

137 614 202 678 Aut
222 613 418 676 Ptolomaeei
441 611 551 674 littora
573 614 665 693 capta
687 608 797 692 Phari,
1022 618 1057 668 30

94 698 162 761 Aut
185 719 329 761 canerem
350 699 508 778 †cyptum
531 698 563 758 et
583 694 711 776 Nilum,
735 715 806 840 {um
826 695 946 757 tractus
969 690 1004 754 in

701 799 739 840 ur
762 799 812 840 em

139 866 267 948 Septem
290 865 423 947 captivis
446 865 559 928 debilis
582 864 649 927 ibat
670 862 775 945 aquis,

95 952 164 1014 Aut
184 971 296 1033 regum
319 949 438 1011 auratis
461 948 655 1011 circumdata
676 945 758 1010 colla
780 945 913 1025 catenis,

138 1034 294 1116 Actiaque
316 1033 351 1096 in
373 1032 469 1096 Sacra
490 1053 614 1096 currere
637 1033 740 1093 rostra
761 1028 837 1109 Via,

96 1116 142 1181 Te
164 1139 234 1180 mea
256 1116 348 1179 Musa
369 1116 433 1179 illis
457 1137 580 1199 semper
602 1116 785 1178 contexeret
806 1111 917 1192 armis,
1024 1121 1058 1171 85

138 1200 183 1265 Et
204 1205 331 1283 sumpta
354 1203 386 1263 et
406 1200 511 1282 posita
532 1219 609 1282 paee
631 1197 723 1260 fidele
745 1218 782 1260 ca
804 1200 849 1259 ut.

97 1283 238 1348 Theseus
261 1284 410 1365 infernis,
434 1284 555 1366 superis
577 1284 712 1345 testatur
733 1218 891 1361 Achilles,

139 1367 202 1431 Hic
224 1366 407 1449 Ixioniden,
430 1367 485 1430 ille
507 1366 740 1429 Menoetiaden.

97 1451 161 1516 Sed
183 1472 286 1534 neque
301 1450 494 1535 Phlegraeos
510 1449 595 1513 Iovis
610 1448 826 1532 Enceladique
848 1446 1002 1512 tumultus

140 1535 271 1599 Intonet
293 1539 429 1619 angusto
451 1538 579 1617 pectore
602 1532 815 1598 Callimachus
821 1583 829 1615 ,
1025 1540 1059 1589 40

97 1617 165 1682 Nec
187 1641 258 1682 mea
281 1619 475 1683 conveniunt
497 1618 574 1682 duro
597 1617 783 1700 praecordia
804 1638 896 1682 versu

142 1702 286 1767 Caesaris
310 1703 344 1765 in
366 1702 451 1784 Phry
474 1703 523 1765 ios
546 1702 680 1766 condere
702 1722 820 1764 nomen
842 1721 926 1764 avos.

97 1785 217 1850 Navita
240 1786 278 1849 de
300 1787 418 1868 ventis,
443 1724 600 1850 1111111111
622 1789 731 1849 narrat
752 1787 871 1866 arator,

140 1869 316 1933 Enumerat
337 1870 429 1933 miles
452 1871 596 1953 volnera,
619 1873 728 1953 pastor
750 1890 838 1950 oves,

98 1952 130 2018 N
133 1974 168 2017 os
193 1958 304 2017 contra
327 1957 462 2050 angusto
485 1955 641 2018 versantis
663 1952 785 2037 proelia
806 1952 904 2016 lecto:
1027 1960 1060 2011 45

142 2037 211 2112 Qua
232 2041 306 2120 pote
330 2060 477 2121 qursque,
499 2038 593 2102 inea
615 2040 758 2101 conterat
779 2039 846 2099 arte
869 2035 961 2098 diem.

99 2120 182 2184 Laus
204 2122 239 2184 in
262 2142 367 2185 amore
389 2123 486 2204 mori,
509 2122 577 2185 laus
599 2122 713 2203 altera,
736 2120 764 2183 si
786 2119 878 2183 datur
898 2138 963 2181 uno

141 2204 240 2268 Posse
262 2206 340 2269 frui:
362 2206 450 2269 fruar
473 2226 491 2269 o
515 2206 601 2269 solus
623 2226 729 2268 amore
751 2205 838 2267 meol

99 2287 135 2352 Si
157 2290 303 2371 memini,
328 2290 409 2352 solet
429 2289 484 2352 illa
506 2290 591 2353 leves
613 2290 739 2372 culpare
760 2288 897 2435 pluellas,

142 2372 187 2436 nt
208 2376 310 2436 totam
333 2395 371 2436 ex
392 2372 517 2437 Helena
537 2394 604 2437 non
625 2373 740 2456 probat
789 2371 870 2434 iada.
1029 2382 1064 2431 50

100 2454 164 2519 Seu
178 2457 257 2519 mihi
273 2459 347 2520 sunt
361 2457 523 2540 tangenda
536 2478 690 2521 novercae
704 2455 819 2539 pocula
832 2452 1004 2537 Phaedrae,

142 2539 261 2603 Pocula
283 2540 431 2624 privigno
454 2562 521 2605 non
541 2541 687 2604 nocitura
708 2560 780 2621 suo,

100 2623 162 2688 Seu
184 2622 263 2686 mihi
287 2622 416 2688 Circaeo
440 2624 667 2706 pereundumst
687 2623 847 2708 gramine,
869 2622 936 2687 sive

143 2706 272 2772 Colchis
295 2707 441 2771 Iolciacis
463 2711 535 2772 urat
556 2707 658 2771 ahena
679 2707 774 2790 focis,

99 2789 173 2855 Vna
195 2812 282 2855 meos
305 2792 455 2874 quoniam
499 2791 657 2855 raedatast
678 2791 796 2855 femina
818 2811 943 2874 sensus,
1028 2802 1062 2851 11

142 2874 192 2938 Ex
214 2874 274 2938 hae
296 2875 450 2939 ducentur
471 2815 583 2940 11111111
604 2877 714 2939 nostra
738 2875 842 2940 domo.

101 2957 220 3023 Omnes
242 2958 398 3022 humanos
422 2964 513 3023 sanat
534 2959 692 3023 medicina
714 2959 853 3024 dolores:

143 3040 234 3106 Solus
259 3064 348 3107 amor
369 3043 473 3107 morbi
494 3065 561 3107 non
584 3047 670 3108 amat
696 3043 858 3107 artificem.

99 3125 205 3190 Tarda
226 3125 421 3190 Philoctetae
443 3128 567 3191 sanarit
588 3149 680 3190 crura
700 3125 873 3206 Machaon,

141 3208 310 3274 Phoenicis
334 3208 455 3275 Chiron
477 3211 598 3274 lumina
619 3209 824 3291 Phillyrides,
1028 3218 1064 3268 ao

99 3291 145 3356 Et
166 3293 242 3356 deus
265 3292 440 3356 extinctum
463 3294 583 3357 Cressis
605 3291 798 3376 Epidaurius
820 3289 927 3353 herbis

142 3374 295 3440 Restituit
316 3376 428 3459 patriis
450 3377 666 3460 Androgeona
688 3375 782 3456 focis,

100 3458 211 3542 Mysus
233 3463 265 3524 et
286 3459 457 3524 Haemonii
480 3460 601 3524 iuvenis
625 3478 686 3540 qua
709 3457 838 3540 cuspide
859 3458 974 3522 volnus
