2302 3922
63 194 153 270 vni]
469 194 575 249 11111111
596 195 618 250 1.
990 192 1030 255 17

64 356 135 423 Nee
155 358 261 420 taceat
274 360 481 420 monumenta
496 358 580 438 riae,
604 378 697 440 qiiem
713 356 849 421 Tuscula
870 358 967 423 tellus

109 438 313 523 Candidaque
336 441 467 523 antiquo
489 440 611 503 detinet
631 442 715 504 Alba
738 441 825 507 Lare.

65 524 214 607 Namque
236 525 349 606 opibus
372 528 526 608 congesta
546 525 610 586 luis
632 523 684 587 hie
705 525 814 609 glarea
836 525 915 589 dura

109 608 283 690 Sternitur,
305 607 358 671 hic
380 612 454 691 apta
475 609 618 691 iungitur
640 612 707 671 arte
729 609 816 672 silex.
996 622 1030 671 oo

66 692 113 756 Te
136 692 223 756 canit
245 692 399 775 agricola,
424 713 439 754 e
462 713 580 775 inagna
603 713 675 754 eum
696 692 818 755 venerit
839 693 918 757 urbe

109 775 204 840 Serus
226 775 417 838 inoffensum
439 776 659 857 rettuleritque
681 776 803 857 pedem.

65 859 113 925 At
132 862 183 941 tu,
204 860 321 922 iratalis
343 859 462 922 multos
485 858 671 923 celebrande
693 881 750 941 per
772 880 889 943 minos,

109 942 282 1009 Candidior
304 964 429 1026 semper
451 943 676 1025 candidiorque
699 945 781 1007 reni.

472 1073 624 1082 ——-—

496 1156 592 1230 l'lll.

65 1278 143 1345 Non
164 1300 225 1426 epo
248 1280 343 1343 celari
364 1300 508 1362 possum,
531 1279 607 1361 qnid
628 1283 724 1343 nutus
747 1281 883 1344 amantis

110 1362 171 1439 Qui
194 1384 231 1427 ve
253 1363 359 1426 ferant
380 1364 450 1426 miti
473 1364 557 1426 lenia
578 1364 674 1426 verba
696 1384 784 1427 sono.

65 1446 137 1512 Nec
158 1446 237 1510 mihi
259 1449 335 1511 sunt
356 1450 456 1510 sortes
478 1468 537 1510 nec
560 1448 687 1511 conscia
708 1448 788 1511 libra
810 1448 956 1531 deorum,

108 1530 270 1594 Praecinit
293 1535 424 1594 eventus
446 1552 506 1594 nec
528 1530 606 1595 mihi
630 1534 741 1595 cantus
763 1532 844 1595 avis:

65 1614 144 1699 Ipsa
163 1612 273 1678 Venus
295 1635 347 1677 ma
373 1614 419 1678 'co
442 1615 612 1699 religatum
634 1614 763 1678 brachie
784 1616 868 1679 nodo
1012 1628 1029 1676 5

108 1698 279 1763 Perdocuit
299 1698 408 1761 mutis
430 1720 496 1762 non
519 1700 586 1763 sine
609 1700 801 1763 verberibus.

65 1780 187 1847 Desine
208 1782 422 1846 dissimulare:
445 1783 521 1846 deus
545 1783 701 1847 crudelius
723 1784 801 1866 urit,

110 1864 195 1941 Quos
216 1866 302 1929 videt
324 1866 442 1930 invitos
465 1867 668 1931 succubuisse
690 1868 759 1931 sibi.

66 1948 154 2026 Quid
176 1948 236 2013 tibi
256 1971 342 2014 nunc
364 1951 476 2014 molles
499 1951 629 2033 prodest
650 1952 785 2015 coluisse
807 1952 939 2035 capillos

110 2032 271 2116 Saepeque
293 2036 430 2098 mutatas
453 2035 646 2117 disposuisse
669 2056 789 2116 comas,
997 2048 1030 2097 lo

65 2116 151 2193 Quid
172 2117 245 2181 fuco
268 2117 454 2181 silendente
476 2138 575 2201 genas
598 2139 723 2198 ornare,
747 2119 823 2201 quid
846 2140 968 2202 ungues

109 2200 250 2265 Artificis
273 2140 366 2265 docta
388 2201 585 2265 subsecuisse
607 2202 724 2264 uranu?

65 2284 198 2351 Frustra
218 2284 284 2348 iarn
304 2288 424 2367 vestes,
445 2285 564 2349 trustra
585 2288 749 2349 mutantur
772 2286 923 2367 amictus,

108 2369 260 2452 Ansaque
281 2390 470 2452 conpressos
493 2371 625 2455 colligat
646 2373 713 2434 arta
735 2370 840 2453 pedes

66 2451 128 2516 Illa
148 2453 267 2537 placet,
291 2454 434 2537 quamvis
456 2454 578 2518 inculto
601 2455 723 2518 venerit
744 2475 798 2518 ore
998 2466 1030 2515 15

109 2536 176 2600 Neo
197 2536 334 2601 nitidum
355 2539 447 2601 tarda
469 2539 640 2622 compserit
662 2542 728 2602 arte
751 2542 855 2621 caput.

65 2618 153 2685 Num
174 2623 207 2684 te
229 2623 437 2704 carminibus,
459 2645 537 2686 num
558 2626 590 2686 te
611 2623 805 2706 pollentibus
826 2622 934 2686 herbis

108 2702 247 2768 Devovit
268 2707 365 2770 tacito
388 2710 532 2789 tempore
554 2707 658 2770 noetis
681 2708 783 2771 anus?

67 2786 189 2853 Cantus
211 2788 323 2853 vicinis
346 2791 454 2875 fruges
476 2791 615 2854 traducit
636 2791 675 2854 ab
698 2791 798 2876 agriS,

109 2870 231 2937 Cantus
254 2877 286 2937 et
307 2875 405 2938 iratae
428 2875 550 2938 detinet
571 2897 611 2938 an
637 2875 684 2939 uis
706 2876 782 2958 iter,
997 2887 1032 2937 ao

64 2954 187 3023 Cantus
209 2960 243 3020 et
264 2978 281 3020 e
304 2978 396 3023 curru
417 2958 541 3022 Lunam
563 2959 601 3022 de
625 2980 716 3023 ucere
738 2964 888 3044 temptat,

107 3038 153 3103 Et
173 3040 306 3123 faceret,
332 3043 359 3105 si
381 3063 448 3106 non
470 3064 543 3107 aera
564 3043 690 3125 repulsa
712 3052 836 3109 sonent.

64 3122 149 3199 Quid
172 3145 288 3208 queror
313 3124 376 3190 heu
396 3127 513 3190 misero
543 3148 670 3191 carmen
698 3129 860 3209 nocuisse,
890 3127 966 3210 quid

673 3211 809 3275 herbas?

107 3290 225 3356 Forma
246 3293 326 3357 nihil
348 3296 481 3379 magicis
504 3296 603 3360 utitur
625 3295 766 3359 auxiliis:

63 3373 129 3441 Sed
150 3396 265 3461 corpus
287 3379 431 3478 tetigisse
452 3384 561 3461 nocet,
586 3379 641 3443 sed
663 3380 760 3462 longa
782 3377 905 3443 dedisse
996 3390 1030 3441 25

107 3459 226 3524 Oscula
232 3510 241 3543 ,
265 3462 319 3525 sed
341 3465 455 3527 temeri
477 3465 674 3529 consermsse
695 3464 807 3527 femur.

115 3560 242 3602 Traianus.
863 3569 887 3615 ‘2
