2302 3922
111 236 154 301 56
488 241 682 296 PROPERTII
937 246 1081 320 [xxm

129 416 162 466 15
176 404 310 469 Illorum
332 403 470 487 antiquis
492 407 663 468 onerentur
684 406 808 490 legibus
831 428 935 471 aures:

220 487 283 553 Hic
304 488 393 553 locus
416 490 480 570 est,
502 488 537 552 in
580 509 636 571 uo,
658 489 737 554 tibia
758 490 865 573 docta,
889 512 1001 575 sones,

179 571 265 647 Quae
286 592 353 635 non
374 572 441 635 iure
463 572 542 636 vado
559 511 731 636 (blacandri
752 574 834 638 iacta
855 577 988 659 notasti,

221 655 339 739 Turpia
360 675 432 719 cum
453 656 571 720 faceret
592 656 730 720 Palladis
754 678 809 720 ora
830 661 945 722 tumor.

178 739 265 804 Num
279 740 352 821 iam,
367 738 453 822 dure,
469 761 561 823 paras
575 739 732 825 Phrygias
746 762 832 806 nunc
843 743 889 806 ire
903 764 961 826 per
971 742 1082 808 undas

129 835 163 884 20
220 822 264 885 Et
284 826 392 906 petere
413 822 556 906 Hyrcani
577 823 686 887 littora
706 824 775 888 an
795 828 909 908 maris,

179 905 336 991 Spargere
359 910 391 970 et
412 907 534 971 alterna
556 927 737 972 communes
760 909 853 972 caede
874 909 1011 975 Penates

221 989 265 1054 Et
285 991 367 1054 ferre
389 990 429 1055 ad
450 991 571 1074 patrios
592 992 732 1074 praemia
753 991 821 1056 dira
843 992 960 1056 Lares?

179 1072 252 1138 Vna
274 1077 459 1138 contentum
480 1075 598 1157 pudeat
618 1097 669 1138 me
690 1076 795 1139 vivere
817 1077 938 1140 amica?

221 1158 293 1222 Hoc
315 1159 343 1221 si
364 1159 484 1222 crimen
505 1159 580 1241 erit,
603 1159 723 1223 crimen
743 1159 872 1223 Amoris
895 1159 968 1224 erit:

129 1254 163 1304 ab
178 1241 225 1306 Mi
246 1263 340 1306 nemo
363 1242 488 1306 obiciat.
522 1242 620 1305 hbeat
639 1243 713 1324 tibi,
737 1241 891 1326 Cynthia,
913 1264 1040 1308 mecum

222 1326 359 1390 Roscida
379 1327 534 1390 muscosis
556 1329 648 1390 antra
671 1329 779 1390 tenere
801 1327 895 1410 iugis.

179 1410 250 1474 Illic
272 1410 406 1492 aspicies
428 1411 566 1492 scopulis
588 1409 717 1474 haerere
742 1431 866 1475 sorores

222 1492 267 1556 Et
287 1514 399 1556 canere
421 1493 544 1574 antiqui
566 1493 670 1556 dulcia
690 1493 776 1557 furta
796 1494 899 1576 IoviS,

180 1575 226 1640 Vt
247 1575 401 1639 Semelast
422 1577 620 1658 combustus,
647 1579 683 1639 ut
704 1580 753 1640 est
774 1578 954 1662 deperditus
975 1577 1029 1663 Io,

130 1672 165 1722 80
221 1658 365 1741 Denique
385 1660 422 1720 ut
443 1658 483 1721 ad
505 1659 618 1723 Troiae
639 1662 724 1724 tecta
745 1662 860 1725 volarit
882 1662 958 1726 avis.

182 1741 274 1817 Quod
296 1743 323 1805 si
344 1764 438 1807 nemo
461 1745 561 1826 extat,
584 1743 638 1826 qui
659 1744 772 1808 vicerit
793 1746 879 1809 alitis
902 1767 1005 1828 arma,

224 1825 408 1891 Communis
432 1827 542 1910 culpae
564 1847 712 1890 currens
733 1850 815 1892 unus
837 1829 937 1914 agor?

180 1909 250 1975 Nec
271 1913 307 1973 tu
328 1909 505 1994 virginibus
525 1912 701 1974 reverentia
722 1913 859 1977 moveris
885 1934 955 1977 ora:

222 1993 285 2060 Hio
307 2014 369 2078 qno
391 2015 431 2058 ue
452 2015 519 2057 non
539 1995 642 2058 nescit
657 1997 731 2078 quid
754 1997 796 2060 sit
818 2018 923 2060 amare
945 1995 1078 2082 chorus3

131 2090 165 2140 35
180 2077 215 2143 Si
236 2082 344 2143 tamen
366 2016 482 2176 deagri
504 2078 656 2162 quaedam
680 2101 849 2164 conpressa
869 2081 971 2165 figura

223 2161 378 2226 Bistoniis
400 2163 477 2226 olnn
497 2163 627 2246 rupibus
649 2165 803 2229 accubuit.

180 2244 244 2311 Hic
264 2246 319 2310 uhi
332 2262 391 2310 ‘me
412 2247 516 2330 prima
538 2249 679 2310 statuent
699 2249 734 2311 in
755 2250 844 2332 parte
867 2248 1016 2329 choreae,

223 2330 268 2394 Et
287 2330 409 2394 medius
432 2331 525 2394 docta
547 2331 674 2414 cuspide
696 2332 841 2396 Bacchus
864 2332 938 2413 erit,

181 2413 263 2478 'Pum
285 2415 381 2498 capiti
404 2435 510 2478 sacros
531 2414 636 2496 patiar
656 2416 794 2499 pendere
817 2414 998 2498 corymbos:

131 2510 167 2560 40
222 2497 306 2564 Nam
329 2498 397 2562 sine
419 2501 451 2561 te
473 2501 618 2561 nostrum
639 2520 706 2563 non
727 2501 811 2564 valet
832 2497 1006 2584 ingenium.

422 2712 594 2785 xrvnn
621 2713 778 2807 [rxrq.

183 2835 330 2916 Quaeris,
353 2854 408 2898 cur
429 2835 555 2898 veniam
576 2835 636 2899 tibi
658 2834 786 2898 tardior.
820 2854 914 2896 aurea
935 2831 1058 2899 Phoebi

225 2918 370 2983 Porticus
393 2939 412 2980 a
432 2940 551 3002 magno
568 2917 702 2984 Caesare
724 2939 742 2979 a
765 2917 833 2979 erta
853 2915 925 2979 fuit.

57 3006 62 3016 '
183 3003 266 3068 Tota
288 3004 355 3065 erat
374 3002 410 3064 in
432 3003 570 3084 speciem
590 3001 707 3066 Poenis
729 2939 854 3085 digesta
875 3000 1052 3097 columnis,

225 3087 314 3151 Inter
335 3107 412 3170 quas
434 3085 537 3150 Danai
558 3086 678 3150 femina
699 3084 793 3147 turba
815 3106 909 3149 sems.

155 3171 250 3236 5Hic
272 3171 416 3256 equidem
438 3169 568 3235 Phoebo
590 3169 675 3233 visus
696 3167 776 3231 mihi
797 3168 960 3253 pulchrior
980 3168 1053 3251 ipso

226 3255 422 3320 Marmoreas
443 3255 542 3319 tacita
562 3272 691 3318 carmen
711 3252 800 3317 hiare
821 3255 905 3337 lyra:

184 3340 291 3497 Aipue
314 3361 400 3403 aram
423 3339 541 3404 circum
563 3339 718 3401 steterant
737 3341 879 3402 armenta
899 3336 1057 3420 Myronis,

256 3425 381 3487 uattnor
402 3423 553 3507 artifices,
575 3421 680 3486 vivida
701 3422 809 3506 signa,
831 3422 940 3486 boves.

184 3505 267 3570 Tum
288 3507 426 3570 medium
449 3507 534 3572 claro
557 3506 709 3592 surgebat
728 3525 885 3608 marmore
905 3504 1061 3587 templum
