<?xml version="1.0" encoding="UTF-8"?>
<!DOCTYPE html PUBLIC "-//W3C//DTD XHTML 1.0 Transitional//EN"
    "http://www.w3.org/TR/xhtml1/DTD/xhtml1-transitional.dtd">
<html xmlns="http://www.w3.org/1999/xhtml" xml:lang="en" lang="en">
 <head>
  <title>
</title>
<meta http-equiv="Content-Type" content="text/html;charset=utf-8" />
  <meta name='ocr-system' content='tesseract 3.04.00' />
  <meta name='ocr-capabilities' content='ocr_page ocr_carea ocr_par ocr_line ocrx_word'/>
</head>
<body>
  <div class='ocr_page' id='page_1' title='image "./qvaleriicatulli00catugoog_0179.png"; bbox 0 0 2302 3922; ppageno 0'>
   <div class='ocr_carea' id='block_1_1' title="bbox 505 208 1088 283">
    <p class='ocr_par' dir='ltr' id='par_1_1' title="bbox 505 208 1088 283">
     <span class='ocr_line' id='line_1_1' title="bbox 505 208 1088 283; baseline 0.01 -22"><span class='ocrx_word' id='word_1_1' title='bbox 505 208 696 262; x_wconf 77' lang='lat' dir='ltr'>rnoruuru</span> <span class='ocrx_word' id='word_1_2' title='bbox 1010 210 1088 283; x_wconf 81' lang='lat' dir='ltr'>[vn</span> 
     </span>
    </p>
   </div>
   <div class='ocr_carea' id='block_1_2' title="bbox 134 367 1031 786">
    <p class='ocr_par' dir='ltr' id='par_1_2' title="bbox 134 367 1031 786">
     <span class='ocr_line' id='line_1_2' title="bbox 224 367 927 452; baseline 0.004 -22"><span class='ocrx_word' id='word_1_3' title='bbox 224 367 314 431; x_wconf 75' lang='lat' dir='ltr'>Timo</span> <span class='ocrx_word' id='word_1_4' title='bbox 336 389 396 452; x_wconf 82' lang='lat' dir='ltr'>ego</span> <span class='ocrx_word' id='word_1_5' title='bbox 418 367 572 431; x_wconf 87' lang='lat' dir='ltr'>Romanis</span> <span class='ocrx_word' id='word_1_6' title='bbox 593 369 754 451; x_wconf 89' lang='lat' dir='ltr'>praeferar</span> <span class='ocrx_word' id='word_1_7' title='bbox 774 369 927 452; x_wconf 86' lang='lat' dir='ltr'>ingeniis,</span> 
     </span>
     <span class='ocr_line' id='line_1_3' title="bbox 182 450 1027 537; baseline 0.006 -23"><span class='ocrx_word' id='word_1_8' title='bbox 182 450 251 515; x_wconf 90' lang='lat' dir='ltr'>Nec</span> <span class='ocrx_word' id='word_1_9' title='bbox 272 455 425 533; x_wconf 84' lang='lat' dir='ltr'>poterunt</span> <span class='ocrx_word' id='word_1_10' title='bbox 446 451 574 515; x_wconf 89' lang='lat' dir='ltr'>iuvenes</span> <span class='ocrx_word' id='word_1_11' title='bbox 596 456 706 516; x_wconf 87' lang='lat' dir='ltr'>nostro</span> <span class='ocrx_word' id='word_1_12' title='bbox 728 453 859 517; x_wconf 85' lang='lat' dir='ltr'>reticere</span> <span class='ocrx_word' id='word_1_13' title='bbox 882 454 1027 537; x_wconf 89' lang='lat' dir='ltr'>sepulcro</span> 
     </span>
     <span class='ocr_line' id='line_1_4' title="bbox 225 534 888 620; baseline 0.005 -23"><span class='ocrx_word' id='word_1_14' title='bbox 225 534 368 598; x_wconf 72' lang='lat' dir='ltr'>‘Ardoris</span> <span class='ocrx_word' id='word_1_15' title='bbox 390 536 493 598; x_wconf 82' lang='lat' dir='ltr'><strong>nostri</strong></span> <span class='ocrx_word' id='word_1_16' title='bbox 514 557 630 620; x_wconf 85' lang='lat' dir='ltr'>magne</span> <span class='ocrx_word' id='word_1_17' title='bbox 651 539 758 619; x_wconf 87' lang='lat' dir='ltr'>poeta,</span> <span class='ocrx_word' id='word_1_18' title='bbox 781 537 888 601; x_wconf 68' lang='lat' dir='ltr'>iaces)</span> 
     </span>
     <span class='ocr_line' id='line_1_5' title="bbox 134 617 1031 686; baseline 0.009 -8"><span class='ocrx_word' id='word_1_19' title='bbox 134 631 167 678; x_wconf 76' lang='lat'>26</span> <span class='ocrx_word' id='word_1_20' title='bbox 182 617 230 681; x_wconf 85' lang='lat' dir='ltr'>Tu</span> <span class='ocrx_word' id='word_1_21' title='bbox 254 639 328 682; x_wconf 85' lang='lat' dir='ltr'>cave</span> <span class='ocrx_word' id='word_1_22' title='bbox 349 622 460 682; x_wconf 89' lang='lat' dir='ltr'>nostra</span> <span class='ocrx_word' id='word_1_23' title='bbox 481 622 536 683; x_wconf 89' lang='lat' dir='ltr'>tuo</span> <span class='ocrx_word' id='word_1_24' title='bbox 560 622 745 683; x_wconf 76' lang='lat' dir='ltr'>contemnas</span> <span class='ocrx_word' id='word_1_25' title='bbox 768 622 908 685; x_wconf 87' lang='lat' dir='ltr'>carmina</span> <span class='ocrx_word' id='word_1_26' title='bbox 928 622 1031 686; x_wconf 86' lang='lat' dir='ltr'>fastu:</span> 
     </span>
     <span class='ocr_line' id='line_1_6' title="bbox 225 701 966 786; baseline 0.004 -21"><span class='ocrx_word' id='word_1_27' title='bbox 225 701 325 784; x_wconf 81' lang='lat' dir='ltr'>Saepe</span> <span class='ocrx_word' id='word_1_28' title='bbox 348 703 435 766; x_wconf 91' lang='lat' dir='ltr'>venit</span> <span class='ocrx_word' id='word_1_29' title='bbox 456 724 573 786; x_wconf 85' lang='lat' dir='ltr'>magno</span> <span class='ocrx_word' id='word_1_30' title='bbox 595 703 705 767; x_wconf 86' lang='lat' dir='ltr'>fenore</span> <span class='ocrx_word' id='word_1_31' title='bbox 726 703 834 767; x_wconf 84' lang='lat' dir='ltr'>tardus</span> <span class='ocrx_word' id='word_1_32' title='bbox 857 705 966 768; x_wconf 84' lang='lat' dir='ltr'>Amor.</span> 
     </span>
    </p>
   </div>
   <div class='ocr_carea' id='block_1_3' title="bbox 77 1002 1081 2172">
    <p class='ocr_par' dir='ltr' id='par_1_3' title="bbox 77 1002 1081 2172">
     <span class='ocr_line' id='line_1_7' title="bbox 182 1002 1061 1100; baseline 0.005 -34"><span class='ocrx_word' id='word_1_33' title='bbox 182 1002 272 1067; x_wconf 85' lang='lat' dir='ltr'>Tune</span> <span class='ocrx_word' id='word_1_34' title='bbox 294 1003 392 1100; x_wconf 82' lang='lat' dir='ltr'>igitur</span> <span class='ocrx_word' id='word_1_35' title='bbox 414 1003 552 1085; x_wconf 88' lang='lat' dir='ltr'>demens,</span> <span class='ocrx_word' id='word_1_36' title='bbox 574 1024 633 1066; x_wconf 85' lang='lat' dir='ltr'>neo</span> <span class='ocrx_word' id='word_1_37' title='bbox 654 1006 686 1066; x_wconf 86' lang='lat' dir='ltr'>te</span> <span class='ocrx_word' id='word_1_38' title='bbox 707 1025 778 1068; x_wconf 89' lang='lat' dir='ltr'>mea</span> <span class='ocrx_word' id='word_1_39' title='bbox 800 1027 873 1068; x_wconf 82' lang='lat' dir='ltr'>eura</span> <span class='ocrx_word' id='word_1_40' title='bbox 895 1008 1061 1070; x_wconf 85' lang='lat' dir='ltr'>moratur?</span> 
     </span>
     <span class='ocr_line' id='line_1_8' title="bbox 225 1087 834 1172; baseline 0.003 -23"><span class='ocrx_word' id='word_1_41' title='bbox 225 1087 278 1150; x_wconf 85' lang='lat' dir='ltr'>An</span> <span class='ocrx_word' id='word_1_42' title='bbox 298 1088 359 1151; x_wconf 83' lang='lat' dir='ltr'>trbi</span> <span class='ocrx_word' id='word_1_43' title='bbox 381 1109 450 1150; x_wconf 87' lang='lat' dir='ltr'>sum</span> <span class='ocrx_word' id='word_1_44' title='bbox 473 1087 579 1172; x_wconf 86' lang='lat' dir='ltr'>gelida</span> <span class='ocrx_word' id='word_1_45' title='bbox 600 1087 694 1151; x_wconf 80' lang='lat' dir='ltr'>vilior</span> <span class='ocrx_word' id='word_1_46' title='bbox 716 1088 834 1172; x_wconf 84' lang='lat' dir='ltr'>Illyria,</span> 
     </span>
     <span class='ocr_line' id='line_1_9' title="bbox 181 1170 996 1255; baseline 0.002 -21"><span class='ocrx_word' id='word_1_47' title='bbox 181 1170 226 1234; x_wconf 85' lang='lat' dir='ltr'>Et</span> <span class='ocrx_word' id='word_1_48' title='bbox 247 1171 307 1235; x_wconf 91' lang='lat' dir='ltr'>tibi</span> <span class='ocrx_word' id='word_1_49' title='bbox 329 1172 393 1234; x_wconf 89' lang='lat' dir='ltr'>iam</span> <span class='ocrx_word' id='word_1_50' title='bbox 414 1172 508 1253; x_wconf 86' lang='lat' dir='ltr'>tanti,</span> <span class='ocrx_word' id='word_1_51' title='bbox 532 1171 760 1255; x_wconf 84' lang='lat' dir='ltr'>quicumquest‚</span> <span class='ocrx_word' id='word_1_52' title='bbox 783 1172 843 1236; x_wconf 85' lang='lat' dir='ltr'>iste</span> <span class='ocrx_word' id='word_1_53' title='bbox 864 1173 996 1255; x_wconf 83' lang='lat' dir='ltr'>videtur,</span> 
     </span>
     <span class='ocr_line' id='line_1_10' title="bbox 224 1253 901 1338; baseline -0.001 -19"><span class='ocrx_word' id='word_1_54' title='bbox 224 1253 269 1319; x_wconf 91' lang='lat' dir='ltr'>Ut</span> <span class='ocrx_word' id='word_1_55' title='bbox 291 1256 359 1319; x_wconf 87' lang='lat' dir='ltr'>sine</span> <span class='ocrx_word' id='word_1_56' title='bbox 381 1277 431 1318; x_wconf 93' lang='lat' dir='ltr'>me</span> <span class='ocrx_word' id='word_1_57' title='bbox 453 1258 548 1318; x_wconf 88' lang='lat' dir='ltr'>vento</span> <span class='ocrx_word' id='word_1_58' title='bbox 572 1255 714 1338; x_wconf 87' lang='lat' dir='ltr'>quolibet</span> <span class='ocrx_word' id='word_1_59' title='bbox 735 1256 780 1319; x_wconf 88' lang='lat' dir='ltr'>ire</span> <span class='ocrx_word' id='word_1_60' title='bbox 802 1256 901 1321; x_wconf 78' lang='lat' dir='ltr'>velis?</span> 
     </span>
     <span class='ocr_line' id='line_1_11' title="bbox 155 1338 942 1422; baseline 0.006 -24"><span class='ocrx_word' id='word_1_61' title='bbox 155 1338 275 1402; x_wconf 84' lang='lat' dir='ltr'>5Tune</span> <span class='ocrx_word' id='word_1_62' title='bbox 298 1339 405 1403; x_wconf 91' lang='lat' dir='ltr'>audire</span> <span class='ocrx_word' id='word_1_63' title='bbox 427 1342 517 1421; x_wconf 88' lang='lat' dir='ltr'>potes</span> <span class='ocrx_word' id='word_1_64' title='bbox 540 1339 649 1402; x_wconf 82' lang='lat' dir='ltr'>vesani</span> <span class='ocrx_word' id='word_1_65' title='bbox 670 1361 830 1403; x_wconf 90' lang='lat' dir='ltr'>murmura</span> <span class='ocrx_word' id='word_1_66' title='bbox 851 1341 942 1422; x_wconf 90' lang='lat' dir='ltr'>ponti</span> 
     </span>
     <span class='ocr_line' id='line_1_12' title="bbox 225 1421 899 1506; baseline 0.004 -22"><span class='ocrx_word' id='word_1_67' title='bbox 225 1421 330 1484; x_wconf 86' lang='lat' dir='ltr'>Fortis</span> <span class='ocrx_word' id='word_1_68' title='bbox 353 1426 385 1485; x_wconf 92' lang='lat' dir='ltr'>et</span> <span class='ocrx_word' id='word_1_69' title='bbox 406 1423 441 1484; x_wconf 90' lang='lat' dir='ltr'>in</span> <span class='ocrx_word' id='word_1_70' title='bbox 462 1421 540 1484; x_wconf 89' lang='lat' dir='ltr'>dura</span> <span class='ocrx_word' id='word_1_71' title='bbox 561 1443 641 1485; x_wconf 89' lang='lat' dir='ltr'>nave</span> <span class='ocrx_word' id='word_1_72' title='bbox 662 1423 764 1487; x_wconf 86' lang='lat' dir='ltr'>iacere</span> <span class='ocrx_word' id='word_1_73' title='bbox 785 1422 899 1506; x_wconf 81' lang='lat' dir='ltr'>potes?</span> 
     </span>
     <span class='ocr_line' id='line_1_13' title="bbox 183 1503 963 1588; baseline 0.004 -21"><span class='ocrx_word' id='word_1_74' title='bbox 183 1505 231 1567; x_wconf 88' lang='lat' dir='ltr'>Tu</span> <span class='ocrx_word' id='word_1_75' title='bbox 253 1503 386 1587; x_wconf 88' lang='lat' dir='ltr'>pedibus</span> <span class='ocrx_word' id='word_1_76' title='bbox 407 1505 525 1566; x_wconf 88' lang='lat' dir='ltr'>teneris</span> <span class='ocrx_word' id='word_1_77' title='bbox 547 1505 668 1588; x_wconf 87' lang='lat' dir='ltr'>positas</span> <span class='ocrx_word' id='word_1_78' title='bbox 690 1505 802 1568; x_wconf 89' lang='lat' dir='ltr'>fulcire</span> <span class='ocrx_word' id='word_1_79' title='bbox 823 1507 963 1588; x_wconf 83' lang='lat' dir='ltr'>pruinas,</span> 
     </span>
     <span class='ocr_line' id='line_1_14' title="bbox 224 1586 971 1669; baseline 0.007 -20"><span class='ocrx_word' id='word_1_80' title='bbox 224 1586 273 1649; x_wconf 80' lang='lat' dir='ltr'>Tu</span> <span class='ocrx_word' id='word_1_81' title='bbox 294 1590 385 1668; x_wconf 87' lang='lat' dir='ltr'>potes</span> <span class='ocrx_word' id='word_1_82' title='bbox 407 1587 562 1663; x_wconf 83' lang='lat' dir='ltr'>insolitas,</span> <span class='ocrx_word' id='word_1_83' title='bbox 586 1586 734 1669; x_wconf 81' lang='lat' dir='ltr'>Cynthia,</span> <span class='ocrx_word' id='word_1_84' title='bbox 756 1589 838 1653; x_wconf 89' lang='lat' dir='ltr'>ferre</span> <span class='ocrx_word' id='word_1_85' title='bbox 860 1591 971 1655; x_wconf 81' lang='lat' dir='ltr'>nives?</span> 
     </span>
     <span class='ocr_line' id='line_1_15' title="bbox 183 1668 1081 1760; baseline 0.006 -25"><span class='ocrx_word' id='word_1_86' title='bbox 183 1670 209 1735; x_wconf 91' lang='grc' dir='ltr'><strong>Ο</strong></span> <span class='ocrx_word' id='word_1_87' title='bbox 233 1671 355 1732; x_wconf 81' lang='lat' dir='ltr'>utinam</span> <span class='ocrx_word' id='word_1_88' title='bbox 375 1668 526 1732; x_wconf 79' lang='lat' dir='ltr'>hibernae</span> <span class='ocrx_word' id='word_1_89' title='bbox 548 1669 748 1752; x_wconf 70' lang='lat' dir='ltr'>duplicentur</span> <span class='ocrx_word' id='word_1_90' title='bbox 772 1675 917 1754; x_wconf 88' lang='lat' dir='ltr'>tempora</span> <span class='ocrx_word' id='word_1_91' title='bbox 938 1675 1081 1760; x_wconf 81' lang='lat' dir='ltr'>brumae,</span> 
     </span>
     <span class='ocr_line' id='line_1_16' title="bbox 134 1752 869 1837; baseline 0.004 -23"><span class='ocrx_word' id='word_1_92' title='bbox 134 1769 166 1815; x_wconf 91' lang='lat'>10</span> <span class='ocrx_word' id='word_1_93' title='bbox 223 1753 267 1816; x_wconf 83' lang='lat' dir='ltr'>Et</span> <span class='ocrx_word' id='word_1_94' title='bbox 288 1753 330 1815; x_wconf 90' lang='lat' dir='ltr'>sit</span> <span class='ocrx_word' id='word_1_95' title='bbox 351 1754 436 1815; x_wconf 88' lang='lat' dir='ltr'>iners</span> <span class='ocrx_word' id='word_1_96' title='bbox 457 1753 557 1815; x_wconf 87' lang='lat' dir='ltr'>tardis</span> <span class='ocrx_word' id='word_1_97' title='bbox 579 1753 688 1815; x_wconf 87' lang='lat' dir='ltr'>navita</span> <span class='ocrx_word' id='word_1_98' title='bbox 708 1752 869 1837; x_wconf 86' lang='lat' dir='ltr'>Vergiliis‚</span> 
     </span>
     <span class='ocr_line' id='line_1_17' title="bbox 181 1836 891 1920; baseline -0.003 -19"><span class='ocrx_word' id='word_1_99' title='bbox 181 1837 250 1901; x_wconf 86' lang='lat' dir='ltr'>Nec</span> <span class='ocrx_word' id='word_1_100' title='bbox 272 1836 332 1899; x_wconf 89' lang='lat' dir='ltr'>tibi</span> <span class='ocrx_word' id='word_1_101' title='bbox 353 1836 494 1918; x_wconf 61' lang='lat' dir='ltr'>Tyrrena</span> <span class='ocrx_word' id='word_1_102' title='bbox 516 1837 656 1900; x_wconf 87' lang='lat' dir='ltr'>solvatur</span> <span class='ocrx_word' id='word_1_103' title='bbox 677 1836 763 1899; x_wconf 89' lang='lat' dir='ltr'>funis</span> <span class='ocrx_word' id='word_1_104' title='bbox 786 1859 891 1920; x_wconf 84' lang='lat' dir='ltr'>arena,</span> 
     </span>
     <span class='ocr_line' id='line_1_18' title="bbox 77 1920 930 2005; baseline 0 -21"><span class='ocrx_word' id='word_1_105' title='bbox 77 1996 81 2003; x_wconf 12' lang='grc' dir='ltr'><em>φ</em></span> <span class='ocrx_word' id='word_1_106' title='bbox 224 1921 313 1985; x_wconf 90' lang='lat' dir='ltr'>Neve</span> <span class='ocrx_word' id='word_1_107' title='bbox 334 1920 462 1983; x_wconf 91' lang='lat' dir='ltr'>inimica</span> <span class='ocrx_word' id='word_1_108' title='bbox 483 1941 569 1983; x_wconf 88' lang='lat' dir='ltr'>meas</span> <span class='ocrx_word' id='word_1_109' title='bbox 592 1920 693 1984; x_wconf 84' lang='lat' dir='ltr'>elevet</span> <span class='ocrx_word' id='word_1_110' title='bbox 714 1942 791 1984; x_wconf 89' lang='lat' dir='ltr'>aura</span> <span class='ocrx_word' id='word_1_111' title='bbox 811 1942 930 2005; x_wconf 86' lang='lat' dir='ltr'>preces,</span> 
     </span>
     <span class='ocr_line' id='line_1_19' title="bbox 134 2004 867 2088; baseline 0.004 -23"><span class='ocrx_word' id='word_1_112' title='bbox 134 2019 165 2066; x_wconf 81' lang='lat'>15</span> <span class='ocrx_word' id='word_1_113' title='bbox 180 2005 224 2069; x_wconf 82' lang='lat' dir='ltr'>Et</span> <span class='ocrx_word' id='word_1_114' title='bbox 244 2026 295 2068; x_wconf 92' lang='lat' dir='ltr'>me</span> <span class='ocrx_word' id='word_1_115' title='bbox 317 2004 453 2067; x_wconf 88' lang='lat' dir='ltr'>defixum</span> <span class='ocrx_word' id='word_1_116' title='bbox 475 2025 574 2078; x_wconf 86' lang='lat' dir='ltr'>vacua</span> <span class='ocrx_word' id='word_1_117' title='bbox 594 2005 735 2088; x_wconf 87' lang='lat' dir='ltr'>patiatur</span> <span class='ocrx_word' id='word_1_118' title='bbox 755 2005 790 2068; x_wconf 91' lang='lat' dir='ltr'>in</span> <span class='ocrx_word' id='word_1_119' title='bbox 812 2027 867 2068; x_wconf 88' lang='lat' dir='ltr'>ora</span> 
     </span>
     <span class='ocr_line' id='line_1_20' title="bbox 225 2088 910 2172; baseline -0.001 -19"><span class='ocrx_word' id='word_1_120' title='bbox 225 2088 393 2153; x_wconf 73' lang='lat' dir='ltr'>Crudelem</span> <span class='ocrx_word' id='word_1_121' title='bbox 415 2088 532 2152; x_wconf 86' lang='lat' dir='ltr'>infesta</span> <span class='ocrx_word' id='word_1_122' title='bbox 555 2109 648 2172; x_wconf 87' lang='lat' dir='ltr'>saepe</span> <span class='ocrx_word' id='word_1_123' title='bbox 669 2109 782 2152; x_wconf 86' lang='lat' dir='ltr'>vocare</span> <span class='ocrx_word' id='word_1_124' title='bbox 803 2111 910 2152; x_wconf 90' lang='lat' dir='ltr'>manu.</span> 
     </span>
    </p>
   </div>
   <div class='ocr_carea' id='block_1_4' title="bbox 137 2173 1036 2340">
    <p class='ocr_par' dir='ltr' id='par_1_4' title="bbox 137 2173 1036 2340">
     <span class='ocr_line' id='line_1_21' title="bbox 137 2173 1036 2259; baseline 0.004 -25"><span class='ocrx_word' id='word_1_125' title='bbox 137 2187 167 2235; x_wconf 88' lang='lat'>13</span> <span class='ocrx_word' id='word_1_126' title='bbox 183 2174 289 2256; x_wconf 81' lang='lat' dir='ltr'>Atque</span> <span class='ocrx_word' id='word_1_127' title='bbox 312 2193 372 2256; x_wconf 87' lang='lat' dir='ltr'>ego</span> <span class='ocrx_word' id='word_1_128' title='bbox 394 2194 461 2237; x_wconf 90' lang='lat' dir='ltr'>non</span> <span class='ocrx_word' id='word_1_129' title='bbox 482 2173 607 2237; x_wconf 86' lang='lat' dir='ltr'>videam</span> <span class='ocrx_word' id='word_1_130' title='bbox 629 2173 708 2236; x_wconf 89' lang='lat' dir='ltr'>tales</span> <span class='ocrx_word' id='word_1_131' title='bbox 730 2174 892 2237; x_wconf 85' lang='lat' dir='ltr'>subsidere</span> <span class='ocrx_word' id='word_1_132' title='bbox 915 2179 1036 2259; x_wconf 85' lang='lat' dir='ltr'>ventos,</span> 
     </span>
     <span class='ocr_line' id='line_1_22' title="bbox 225 2257 937 2340; baseline -0.003 -18"><span class='ocrx_word' id='word_1_133' title='bbox 225 2258 306 2322; x_wconf 80' lang='lat' dir='ltr'>Cum</span> <span class='ocrx_word' id='word_1_134' title='bbox 328 2257 388 2320; x_wconf 91' lang='lat' dir='ltr'>tibi</span> <span class='ocrx_word' id='word_1_135' title='bbox 408 2259 573 2340; x_wconf 85' lang='lat' dir='ltr'>provectas</span> <span class='ocrx_word' id='word_1_136' title='bbox 596 2257 717 2321; x_wconf 87' lang='lat' dir='ltr'>auferet</span> <span class='ocrx_word' id='word_1_137' title='bbox 737 2257 822 2320; x_wconf 87' lang='lat' dir='ltr'>unda</span> <span class='ocrx_word' id='word_1_138' title='bbox 843 2260 937 2339; x_wconf 87' lang='lat' dir='ltr'>rates,</span> 
     </span>
    </p>
   </div>
   <div class='ocr_carea' id='block_1_5' title="bbox 132 2340 1079 2924">
    <p class='ocr_par' dir='ltr' id='par_1_5' title="bbox 132 2340 1079 2924">
     <span class='ocr_line' id='line_1_23' title="bbox 134 2340 1044 2425; baseline 0.001 -21"><span class='ocrx_word' id='word_1_139' title='bbox 134 2355 164 2404; x_wconf 83' lang='grc'>11</span> <span class='ocrx_word' id='word_1_140' title='bbox 182 2342 243 2406; x_wconf 87' lang='lat' dir='ltr'>Sed</span> <span class='ocrx_word' id='word_1_141' title='bbox 266 2362 463 2424; x_wconf 88' lang='lat' dir='ltr'>quocumque</span> <span class='ocrx_word' id='word_1_142' title='bbox 485 2340 579 2405; x_wconf 91' lang='lat' dir='ltr'>modo</span> <span class='ocrx_word' id='word_1_143' title='bbox 603 2341 641 2404; x_wconf 92' lang='lat' dir='ltr'>de</span> <span class='ocrx_word' id='word_1_144' title='bbox 663 2363 722 2423; x_wconf 85' lang='lat' dir='ltr'>me,</span> <span class='ocrx_word' id='word_1_145' title='bbox 745 2343 880 2424; x_wconf 89' lang='lat' dir='ltr'>periura,</span> <span class='ocrx_word' id='word_1_146' title='bbox 902 2342 1044 2425; x_wconf 85' lang='lat' dir='ltr'>mereris,</span> 
     </span>
     <span class='ocr_line' id='line_1_24' title="bbox 225 2424 834 2503; baseline 0 -15"><span class='ocrx_word' id='word_1_147' title='bbox 225 2424 275 2489; x_wconf 81' lang='lat' dir='ltr'>Sit</span> <span class='ocrx_word' id='word_1_148' title='bbox 297 2424 429 2488; x_wconf 82' lang='lat' dir='ltr'>Galatea</span> <span class='ocrx_word' id='word_1_149' title='bbox 450 2428 523 2487; x_wconf 88' lang='lat' dir='ltr'>tuae</span> <span class='ocrx_word' id='word_1_150' title='bbox 544 2445 611 2488; x_wconf 88' lang='lat' dir='ltr'>non</span> <span class='ocrx_word' id='word_1_151' title='bbox 633 2425 735 2488; x_wconf 87' lang='lat' dir='ltr'>aliena</span> <span class='ocrx_word' id='word_1_152' title='bbox 756 2427 834 2503; x_wconf 87' lang='lat' dir='ltr'>viae,</span> 
     </span>
     <span class='ocr_line' id='line_1_25' title="bbox 181 2507 876 2591; baseline -0.001 -18"><span class='ocrx_word' id='word_1_153' title='bbox 181 2508 227 2573; x_wconf 88' lang='lat' dir='ltr'>Vt</span> <span class='ocrx_word' id='word_1_154' title='bbox 247 2511 280 2572; x_wconf 91' lang='lat' dir='ltr'>te</span> <span class='ocrx_word' id='word_1_155' title='bbox 301 2508 389 2571; x_wconf 87' lang='lat' dir='ltr'>felici</span> <span class='ocrx_word' id='word_1_156' title='bbox 410 2511 484 2591; x_wconf 89' lang='lat' dir='ltr'>post</span> <span class='ocrx_word' id='word_1_157' title='bbox 505 2508 587 2571; x_wconf 86' lang='lat' dir='ltr'>lecta</span> <span class='ocrx_word' id='word_1_158' title='bbox 610 2507 767 2572; x_wconf 72' lang='lat' dir='ltr'>Ceraunia</span> <span class='ocrx_word' id='word_1_159' title='bbox 789 2529 876 2572; x_wconf 91' lang='lat' dir='ltr'>remo</span> 
     </span>
     <span class='ocr_line' id='line_1_26' title="bbox 132 2590 878 2675; baseline 0.004 -22"><span class='ocrx_word' id='word_1_160' title='bbox 132 2606 166 2653; x_wconf 83' lang='lat'>20</span> <span class='ocrx_word' id='word_1_161' title='bbox 222 2591 370 2675; x_wconf 87' lang='lat' dir='ltr'>Accipiat</span> <span class='ocrx_word' id='word_1_162' title='bbox 390 2590 523 2674; x_wconf 87' lang='lat' dir='ltr'>placidis</span> <span class='ocrx_word' id='word_1_163' title='bbox 546 2590 657 2655; x_wconf 86' lang='lat' dir='ltr'>Oricos</span> <span class='ocrx_word' id='word_1_164' title='bbox 680 2592 878 2674; x_wconf 89' lang='lat' dir='ltr'>aequoribus.</span> 
     </span>
     <span class='ocr_line' id='line_1_27' title="bbox 181 2673 1079 2761; baseline 0.002 -23"><span class='ocrx_word' id='word_1_165' title='bbox 181 2674 267 2739; x_wconf 91' lang='lat' dir='ltr'>Nam</span> <span class='ocrx_word' id='word_1_166' title='bbox 293 2696 344 2738; x_wconf 91' lang='lat' dir='ltr'>me</span> <span class='ocrx_word' id='word_1_167' title='bbox 371 2695 438 2738; x_wconf 91' lang='lat' dir='ltr'>non</span> <span class='ocrx_word' id='word_1_168' title='bbox 459 2673 540 2737; x_wconf 91' lang='lat' dir='ltr'>ullae</span> <span class='ocrx_word' id='word_1_169' title='bbox 562 2677 713 2757; x_wconf 90' lang='lat' dir='ltr'>poterunt</span> <span class='ocrx_word' id='word_1_170' title='bbox 735 2697 934 2759; x_wconf 89' lang='lat' dir='ltr'>corrumpere</span> <span class='ocrx_word' id='word_1_171' title='bbox 955 2677 1079 2761; x_wconf 87' lang='lat' dir='ltr'>taedae,</span> 
     </span>
     <span class='ocr_line' id='line_1_28' title="bbox 225 2757 952 2840; baseline 0.001 -20"><span class='ocrx_word' id='word_1_172' title='bbox 225 2757 309 2833; x_wconf 87' lang='lat' dir='ltr'>Quin</span> <span class='ocrx_word' id='word_1_173' title='bbox 331 2779 348 2821; x_wconf 91' lang='lat' dir='ltr'>e</span> <span class='ocrx_word' id='word_1_174' title='bbox 372 2779 401 2839; x_wconf 84' lang='lat' dir='ltr'>o,</span> <span class='ocrx_word' id='word_1_175' title='bbox 424 2757 499 2838; x_wconf 81' lang='lat' dir='ltr'>vita,</span> <span class='ocrx_word' id='word_1_176' title='bbox 522 2760 576 2819; x_wconf 90' lang='lat' dir='ltr'>tuo</span> <span class='ocrx_word' id='word_1_177' title='bbox 600 2759 709 2821; x_wconf 86' lang='lat' dir='ltr'>limine</span> <span class='ocrx_word' id='word_1_178' title='bbox 730 2779 952 2840; x_wconf 76' lang='lat' dir='ltr'>veraquera13</span> 
     </span>
     <span class='ocr_line' id='line_1_29' title="bbox 345 2779 901 2924; baseline 0 -22"><span class='ocrx_word' id='word_1_179' title='bbox 345 2779 470 2904; x_wconf 73' lang='lat' dir='ltr'>deficiet</span> <span class='ocrx_word' id='word_1_180' title='bbox 490 2844 603 2903; x_wconf 85' lang='lat' dir='ltr'>nautas</span> <span class='ocrx_word' id='word_1_181' title='bbox 626 2842 765 2924; x_wconf 83' lang='lat' dir='ltr'>rogitare</span> <span class='ocrx_word' id='word_1_182' title='bbox 788 2841 901 2903; x_wconf 86' lang='lat' dir='ltr'>citatos</span> 
     </span>
    </p>
   </div>
   <div class='ocr_carea' id='block_1_6' title="bbox 131 2842 974 3092">
    <p class='ocr_par' dir='ltr' id='par_1_6' title="bbox 131 2842 974 3092">
     <span class='ocr_line' id='line_1_30' title="bbox 181 2842 974 3006; baseline 0 -19"><span class='ocrx_word' id='word_1_183' title='bbox 181 2842 357 3005; x_wconf 48' lang='lat' dir='ltr'>Nchildita</span> <span class='ocrx_word' id='word_1_184' title='bbox 380 2944 441 3005; x_wconf 92' lang='lat' dir='ltr'>quo</span> <span class='ocrx_word' id='word_1_185' title='bbox 465 2927 559 3006; x_wconf 87' lang='lat' dir='ltr'>portu</span> <span class='ocrx_word' id='word_1_186' title='bbox 581 2924 686 2987; x_wconf 87' lang='lat' dir='ltr'>clausa</span> <span class='ocrx_word' id='word_1_187' title='bbox 707 2924 813 3005; x_wconf 89' lang='lat' dir='ltr'>puella</span> <span class='ocrx_word' id='word_1_188' title='bbox 833 2924 974 2987; x_wconf 81' lang='lat' dir='ltr'>meast‘l&#39;</span> 
     </span>
     <span class='ocr_line' id='line_1_31' title="bbox 131 3006 946 3092; baseline -0.001 -20"><span class='ocrx_word' id='word_1_189' title='bbox 131 3023 165 3072; x_wconf 75' lang='lat'>25</span> <span class='ocrx_word' id='word_1_190' title='bbox 181 3008 224 3073; x_wconf 85' lang='lat' dir='ltr'>Et</span> <span class='ocrx_word' id='word_1_191' title='bbox 247 3007 350 3071; x_wconf 88' lang='lat' dir='ltr'>dicam</span> <span class='ocrx_word' id='word_1_192' title='bbox 373 3007 465 3070; x_wconf 80' lang='lat' dir='ltr'>‘licet</span> <span class='ocrx_word' id='word_1_193' title='bbox 486 3008 628 3070; x_wconf 87' lang='lat' dir='ltr'>Aut-ariis</span> <span class='ocrx_word' id='word_1_194' title='bbox 652 3006 796 3070; x_wconf 88' lang='lat' dir='ltr'>considat</span> <span class='ocrx_word' id='word_1_195' title='bbox 816 3009 851 3070; x_wconf 89' lang='lat' dir='ltr'>in</span> <span class='ocrx_word' id='word_1_196' title='bbox 873 3010 946 3092; x_wconf 80' lang='lat' dir='ltr'>orie,</span> 
     </span>
    </p>
   </div>
   <div class='ocr_carea' id='block_1_7' title="bbox 223 3088 869 3173">
    <p class='ocr_par' dir='ltr' id='par_1_7' title="bbox 223 3088 869 3173">
     <span class='ocr_line' id='line_1_32' title="bbox 223 3088 869 3173; baseline -0.005 -17"><span class='ocrx_word' id='word_1_197' title='bbox 223 3092 267 3156; x_wconf 78' lang='lat' dir='ltr'>Et</span> <span class='ocrx_word' id='word_1_198' title='bbox 288 3091 363 3155; x_wconf 90' lang='lat' dir='ltr'>licet</span> <span class='ocrx_word' id='word_1_199' title='bbox 384 3088 518 3173; x_wconf 72' lang='lat' dir='ltr'>Hyllus,</span> <span class='ocrx_word' id='word_1_200' title='bbox 542 3092 597 3154; x_wconf 90' lang='lat' dir='ltr'>illa</span> <span class='ocrx_word' id='word_1_201' title='bbox 619 3091 723 3154; x_wconf 89' lang='lat' dir='ltr'>futura</span> <span class='ocrx_word' id='word_1_202' title='bbox 744 3095 869 3154; x_wconf 83' lang='lat' dir='ltr'>meast&#39;</span> 
     </span>
    </p>
   </div>
   <div class='ocr_carea' id='block_1_8' title="bbox 527 3215 668 3222">
    <p class='ocr_par' dir='ltr' id='par_1_8' title="bbox 527 3215 668 3222">
     <span class='ocr_line' id='line_1_33' title="bbox 527 3215 668 3222; baseline -0.007 0"><span class='ocrx_word' id='word_1_203' title='bbox 527 3215 668 3222; x_wconf 71' lang='grc'>-----</span> 
     </span>
    </p>
   </div>
   <div class='ocr_carea' id='block_1_9' title="bbox 538 3259 655 3334">
    <p class='ocr_par' dir='ltr' id='par_1_9' title="bbox 538 3259 655 3334">
     <span class='ocr_line' id='line_1_34' title="bbox 538 3259 655 3334; baseline 0.009 -1"><span class='ocrx_word' id='word_1_204' title='bbox 538 3259 655 3334; x_wconf 69' lang='lat' dir='ltr'>Vlllb.</span> 
     </span>
    </p>
   </div>
   <div class='ocr_carea' id='block_1_10' title="bbox 179 3376 1029 3547">
    <p class='ocr_par' dir='ltr' id='par_1_10' title="bbox 179 3376 1029 3547">
     <span class='ocr_line' id='line_1_35' title="bbox 179 3376 1029 3463; baseline 0.001 -21"><span class='ocrx_word' id='word_1_205' title='bbox 179 3377 243 3442; x_wconf 93' lang='lat' dir='ltr'>Hic</span> <span class='ocrx_word' id='word_1_206' title='bbox 266 3378 341 3442; x_wconf 82' lang='lat' dir='ltr'>erit!</span> <span class='ocrx_word' id='word_1_207' title='bbox 364 3376 417 3440; x_wconf 85' lang='lat' dir='ltr'>hic</span> <span class='ocrx_word' id='word_1_208' title='bbox 439 3376 541 3440; x_wconf 86' lang='lat' dir='ltr'>iurata</span> <span class='ocrx_word' id='word_1_209' title='bbox 563 3378 683 3440; x_wconf 84' lang='lat' dir='ltr'>manet!</span> <span class='ocrx_word' id='word_1_210' title='bbox 706 3381 894 3460; x_wconf 89' lang='lat' dir='ltr'>rumpantur</span> <span class='ocrx_word' id='word_1_211' title='bbox 915 3379 1029 3463; x_wconf 80' lang='lat' dir='ltr'>iniquit</span> 
     </span>
     <span class='ocr_line' id='line_1_36' title="bbox 223 3459 951 3547; baseline 0 -20"><span class='ocrx_word' id='word_1_212' title='bbox 223 3461 382 3528; x_wconf 89' lang='lat' dir='ltr'>Vicimus:</span> <span class='ocrx_word' id='word_1_213' title='bbox 405 3459 553 3526; x_wconf 86' lang='lat' dir='ltr'>adsiduas</span> <span class='ocrx_word' id='word_1_214' title='bbox 574 3482 641 3525; x_wconf 90' lang='lat' dir='ltr'>non</span> <span class='ocrx_word' id='word_1_215' title='bbox 662 3461 736 3526; x_wconf 84' lang='lat' dir='ltr'>tulit</span> <span class='ocrx_word' id='word_1_216' title='bbox 756 3462 812 3526; x_wconf 86' lang='lat' dir='ltr'>illo</span> <span class='ocrx_word' id='word_1_217' title='bbox 833 3484 951 3547; x_wconf 89' lang='lat' dir='ltr'>preces.</span> 
     </span>
    </p>
   </div>
   <div class='ocr_carea' id='block_1_11' title="bbox 0 0 1156 3922">
    <p class='ocr_par' dir='ltr' id='par_1_11' title="bbox 0 0 1156 3922">
     <span class='ocr_line' id='line_1_37' title="bbox 0 0 1156 3922; baseline 0 1"><span class='ocrx_word' id='word_1_218' title='bbox 0 0 1156 3922; x_wconf 95' lang='lat' dir='ltr'> </span> 
     </span>
    </p>
   </div>
  </div>
 </body>
</html>
