2302 3922
71 195 165 309 A
491 198 634 255 11111111
1009 200 1070 283 [1,Ι

245 361 338 443 mihi,
363 381 457 444 quam
481 361 591 425 doctas
613 382 698 424 nunc
718 359 816 423 habet
836 361 890 424 ille
912 362 1043 429 manual

232 446 383 528 pecudes,
406 446 602 525 volutante,
624 446 718 527 petit:
741 445 846 508 fixisse
868 445 995 527 puellas

198 529 290 593 restit
311 532 344 592 et
365 528 499 593 audaces
520 528 735 611 perdomuisse
757 529 852 592 viros.

176 634 206 676 rc
227 613 333 677 iuveni
356 612 492 676 detraxit
514 633 604 695 opes,
628 612 680 676 hic
703 612 806 676 dicere
827 613 922 676 iussit

186 696 298 760 Limen
319 696 359 759 ad
380 697 477 760 iratae
499 697 595 760 verba
615 695 763 779 pudenda
784 717 906 761 senem:

93 793 128 842 75
142 779 214 844 Hoc
236 781 314 843 duce
336 781 481 844 custodes
503 781 612 843 furtim
634 784 834 863 transgressa
855 780 997 846 iacentes

186 864 239 927 Ad
260 865 406 927 iuvenem
427 865 566 927 tenebris
589 865 658 926 sola
679 864 784 946 puella
805 864 893 927 venit

144 946 187 1012 Et
209 949 342 1031 pedibus
363 951 574 1031 praetemptat
594 948 654 1011 iter
677 969 828 1030 suspensa
849 948 983 1029 timore,

186 1031 342 1115 Explorat
364 1054 472 1096 caecas
496 1032 546 1095 cui
567 1052 680 1094 manus
703 1035 775 1095 ante
797 1032 874 1095 vias.

144 1115 175 1179 A
195 1117 318 1198 miseri,
341 1138 419 1198 quos
440 1117 494 1181 hic
514 1116 654 1202 graviter
676 1115 751 1178 deus
772 1117 877 1200 urget!
900 1119 934 1179 at
954 1115 1012 1179 illc

93 1211 130 1260 80
184 1200 291 1282 Felix,
315 1202 366 1264 cui
387 1202 530 1283 placidus
552 1201 666 1265 leniter
688 1199 784 1262 adflat
804 1201 914 1262 Amor.

145 1282 275 1365 Sancte,
297 1284 369 1347 veni
392 1285 524 1366 dapibus
546 1285 650 1366 festiS,
674 1283 728 1347 sed
750 1304 834 1366 pone
857 1283 993 1366 sagittas

187 1367 230 1430 nt
251 1368 362 1450 procul
384 1368 529 1430 ardentes
551 1367 626 1431 hinc
647 1388 759 1451 precor
780 1366 860 1430 abde
881 1367 977 1430 laces

145 1449 212 1514 Vos
235 1451 391 1514 celebrem
413 1454 537 1514 cantate
559 1451 652 1514 deum
673 1451 841 1533 pecorique
862 1453 983 1515 vocate.

187 1533 275 1599 Voce
296 1536 402 1616 palam
425 1534 547 1617 pecori,
571 1535 652 1597 clam
674 1535 735 1598 sibi
757 1535 888 1617 quisque
910 1536 1013 1599 vocet.

93 1630 129 1679 85
144 1619 211 1681 Aut
233 1619 328 1681 etiam
350 1618 410 1681 sibi
433 1618 564 1699 quisque
584 1619 702 1700 palam:
724 1641 799 1682 nam
821 1618 914 1681 turba
934 1619 1044 1683 iocosa

189 1702 351 1784 Obstrepit
373 1704 405 1763 et
426 1700 565 1784 Phrygio
588 1701 667 1764 tibia
690 1723 785 1766 curva
807 1723 895 1766 son0.

146 1785 273 1848 Ludite:
289 1785 353 1847 iam
364 1784 438 1848 Nox
453 1785 558 1868 iungit
572 1805 678 1867 equos,
695 1807 882 1868 currumque
893 1789 1044 1850 secuntur

188 1867 301 1931 Matris
323 1869 441 1932 lascivo
464 1868 566 1931 sidera
587 1869 674 1932 fulva
696 1870 807 1951 choro,

146 1951 284 2035 Postque
309 1953 394 2016 venit
414 1952 528 2016 tacitus
550 1953 648 2015 furvis
672 1953 882 2018 circumdatus
905 1952 964 2015 alis

96 2048 133 2098 90
189 2034 325 2101 Somnus
347 2040 380 2101 et
400 2037 521 2100 incerto
544 2035 674 2101 Somnia
695 2039 789 2121 nigra
808 2036 899 2119 pede.

486 2167 638 2176 ...--

540 2253 585 2326 Π.

86 2410 93 2421 -
146 2372 297 2440 Dicamus
318 2377 404 2440 bona
424 2376 521 2439 verba
539 2413 583 2433 ‹—
603 2376 691 2438 venit
711 2373 828 2437 natalis
843 2411 885 2420 -
900 2372 939 2436 ad
956 2393 1043 2437 aras:

190 2458 338 2541 Quisquis
360 2459 448 2540 ades,
471 2459 596 2541 lingua,
619 2459 666 2520 vir
687 2458 876 2540 mulierque,
898 2456 979 2519 fave.

146 2539 287 2606 Vrantur
308 2544 361 2625 pia
381 2546 453 2605 tura
474 2543 569 2624 focis,
591 2545 722 2604 urantur
744 2541 872 2621 odores,

190 2624 276 2699 Quos
297 2629 387 2688 tener
409 2629 531 2690 eterra
552 2625 647 2689 divite
669 2626 768 2688 mittit
788 2625 902 2688 Arabs.

113 2707 220 2790 slpse
243 2728 316 2771 suos
340 2708 459 2772 Genius
481 2708 564 2772 adsit
585 2709 708 2771 visurus
729 2708 882 2790 honores,

190 2790 250 2854 Oui
271 2791 421 2855 decorent
442 2796 567 2855 sanctas
589 2792 698 2855 mollia
720 2795 803 2854 serta
827 2812 943 2856 comas.

145 2873 235 2937 Illius
256 2895 336 2957 puro
359 2874 521 2938 destillent
541 2879 686 2958 tempora
706 2874 821 2955 nardo,

188 2960 295 3041 Atque
317 2960 403 3021 satur
425 2958 489 3022 libo
512 2959 554 3021 sit
575 2959 761 3039 madeatque
782 2979 885 3040 merc,

147 3042 279 3106 Adnuat
300 3045 346 3124 et,
369 3040 529 3124 Cornute,
551 3043 626 3125 tibi,
650 3041 868 3125 quodcumque
890 3042 1031 3127 rogabis.

98 3139 132 3187 10
187 3126 239 3188 En
261 3146 334 3210 age,
357 3125 433 3208 quid
456 3126 580 3190 cessas?
604 3125 716 3189 adnuit
737 3126 805 3190 ille:
827 3148 916 3211 roga.

146 3211 311 3293 Auguror,
333 3210 441 3272 uxoris
463 3209 543 3273 fidos
566 3209 691 3293 optabis
712 3232 849 3274 amores:

188 3292 256 3360 Iam
277 3315 349 3357 reor
369 3293 431 3357 hoc
453 3294 540 3376 ipsos
563 3294 728 3358 edidicisse
750 3295 834 3358 deos.

145 3374 215 3440 Nec
237 3377 297 3440 tibi
318 3378 482 3458 malueriS,
504 3381 607 3442 totum
629 3398 844 3462 quaecumque
863 3401 921 3462 per
936 3378 1048 3443 orbem

188 3457 294 3522 Fortis
315 3465 384 3526 arat
405 3460 510 3526 valido
532 3463 667 3527 rusticus
690 3484 765 3527 arva
786 3463 881 3547 bove,
