2302 3922
114 225 153 289 18
500 230 693 287 PROPERTH
948 233 1076 304 [xvuu

177 393 241 458 Hic
262 394 339 458 licet
359 394 502 457 occultos
523 392 664 477 proferre
686 393 805 476 inpune
828 392 968 477 dolores,

220 477 254 542 Si
275 477 370 541 modo
393 478 461 540 sola
483 481 601 559 queant
624 499 699 543 saxa
719 482 827 542 tenere
849 478 953 542 fidem.

22 624 28 633 ,
148 574 165 623 o
179 560 272 625 Vnde
288 565 360 625 tuos
397 562 512 624 rimum
527 566 679 644 repetam,
700 584 771 626 mea
786 561 934 644 Cynthia,
949 562 1075 629 festus?

219 644 310 720 Quod
333 584 411 707 milii
433 646 488 708 das
511 646 623 728 flendi,
646 644 799 728 Cynthia,
822 646 1036 729 principium?
1124 691 1127 695 ‹

178 727 239 805 Qui
261 728 355 791 modo
377 728 487 793 felices
509 730 592 793 inter
613 730 802 793 numerabar
824 732 981 812 amantes,

218 812 315 877 Nunc
336 813 372 875 in
394 835 500 876 amore
521 816 577 877 tuo
600 833 699 897 cogor
719 813 834 877 habere
856 817 976 877 notam.

177 895 259 971 Quid
273 898 398 959 tantum
413 897 534 960 merui?
551 919 630 980 quae
641 901 673 962 te
687 896 767 960 mihi
780 897 911 960 crimino
925 897 1073 961 mutant?

129 993 161 1043 10
217 980 270 1043 An
291 1002 375 1044 nova
396 981 544 1044 tristitiae
567 1002 662 1044 causa
682 981 788 1063 puella
810 981 905 1044 tuae?

178 1063 232 1129 Sic
253 1063 332 1127 mihi
354 1069 386 1128 te
407 1065 525 1129 referas
547 1065 635 1145 levis,
656 1068 780 1128 utnon
802 1065 901 1128 altera
921 1069 1031 1130 nostro

220 1147 345 1212 Limine
367 1148 525 1214 formosos
546 1149 656 1212 intulit
676 1149 742 1212 ulle
762 1148 867 1232 pedes.

178 1231 328 1308 Quamvis
350 1233 451 1296 multa
472 1233 531 1296 tibi
553 1233 644 1296 dolor
657 1233 711 1298 hic
725 1254 814 1297 meus
836 1252 947 1316 aspero
969 1233 1072 1315 debet,

219 1316 251 1381 N
254 1338 296 1379 on
318 1316 363 1379 ito
385 1339 479 1381 saeva
499 1320 607 1380 tamen
629 1317 752 1381 venerit
772 1323 820 1380 ira
840 1338 919 1399 mea,

129 1412 161 1463 15
176 1398 221 1463 Vt
242 1400 301 1463 tibi
324 1400 384 1462 sim
406 1401 520 1464 merito
543 1422 668 1496 semper
689 1402 777 1465 furor
799 1404 831 1465 et
851 1404 906 1465 tua
926 1400 1033 1463 flendo

221 1482 357 1547 Lumina
378 1483 509 1546 deiectis
530 1487 636 1566 turpia
659 1484 724 1547 sint
745 1485 893 1548 lacrimis,

179 1568 233 1629 An
256 1566 329 1647 quia
350 1587 447 1648 parva
469 1566 578 1629 damus
600 1569 721 1630 mutato
746 1568 839 1651 signa
861 1569 973 1648 calore,

219 1649 263 1712 Et
284 1669 350 1712 non
371 1649 437 1711 ulla
457 1670 529 1712 meo
553 1649 669 1712 clamat
690 1650 725 1711 in
746 1671 800 1713 ore
822 1650 924 1713 fides?

177 1733 245 1796 Vos
267 1732 354 1795 critis
377 1735 484 1814 testes,
508 1733 616 1813 siquos
639 1731 736 1795 habet
757 1733 850 1797 arbor
872 1754 1005 1816 amores,

129 1829 162 1878 20
218 1815 245 1879 F
246 1836 323 1899 agus
346 1818 378 1878 et
398 1814 535 1880 Arcadio
557 1816 651 1898 pinus
673 1817 774 1879 amica
795 1815 864 1881 deo.

177 1902 207 1963 A
240 1899 366 1962 uotiens
376 1902 501 1963 teneras
513 1901 664 1963 resonant
674 1921 745 1963 mea
756 1900 852 1963 verba
864 1900 921 1963 sub
932 1899 1074 1986 umbraS,

219 1920 378 2048 toribitur
400 1985 431 2047 et
452 1983 565 2047 vestris
588 1981 726 2066 Cynthia
749 1984 932 2048 corticibus!

178 2068 231 2132 En
253 2071 308 2131 tua
329 2071 406 2151 quot
426 2068 551 2151 peperit
571 2069 664 2132 nobis
686 2068 802 2132 iniuria
826 2090 925 2150 curas,

221 2151 307 2228 Quae
329 2153 433 2216 solum
454 2152 560 2217 tacitis
584 2151 712 2238 cognita
735 2155 808 2216 sunt
829 2152 967 2217 foribus!

128 2248 162 2299 25
177 2236 293 2301 Omnia
315 2237 465 2302 consuevi
486 2237 615 2301 timidus
637 2237 778 2320 perferre
801 2237 953 2320 superbae

220 2320 312 2384 Iussa
333 2343 437 2405 neque
459 2325 571 2405 arguto
593 2321 679 2385 facta
702 2321 810 2386 dolore
832 2320 930 2403 queri.

177 2404 240 2468 Pro
263 2425 325 2487 quo
350 2404 473 2469 dumosi
495 2407 618 2467 montes
641 2408 674 2468 et
693 2404 812 2489 frigida
833 2425 927 2487 rupes

220 2487 264 2551 Et
286 2488 378 2551 datur
400 2488 520 2553 inculto
543 2488 669 2551 tramite
691 2488 769 2551 <lura
791 2488 893 2572 quies3

178 2571 222 2635 Et
243 2571 463 2655 quodcumque
484 2593 573 2635 meae
594 2575 729 2654 possunt
750 2593 877 2635 narrare
899 2571 1063 2653 querelae,

131 2667 166 2717 80
224 2653 332 2739 Cogor
354 2655 394 2718 ad
416 2657 543 2739 argutas
566 2655 669 2719 dicere
692 2657 778 2719 solus
801 2676 884 2718 aves.

180 2737 242 2803 Sed
257 2736 527 2821 qualiscumque’s,
539 2742 689 2801 resonent
698 2739 777 2801 mihi
790 2736 951 2819 ‘Cynthia'
964 2737 1073 2820 silvae,

222 2820 291 2886 Nee
314 2820 438 2886 deserta
458 2825 514 2885 tuo
537 2823 666 2885 nomine
688 2843 763 2884 saxo
784 2824 906 2883 vacent.

519 3033 667 3105 XVIIII.

179 3156 256 3221 Non
272 3177 331 3241 ego
346 3176 431 3218 mmo
445 3155 553 3219 tristes
568 3176 687 3237 vereor,
703 3176 774 3218 mea
790 3152 937 3239 Cynthia,
950 3154 1073 3239 Manes,

221 3239 290 3305 Nec
312 3260 419 3303 moror
441 3242 581 3303 extremo
604 3239 712 3303 debita
732 3238 799 3302 fata
820 3261 915 3324 rog03

180 3323 241 3389 sed
263 3345 303 3388 ne
325 3324 408 3387 forte
430 3326 485 3387 tuo
510 3326 613 3387 careat
633 3322 712 3386 mihi
734 3323 830 3387 funus
853 3345 973 3405 amore,

220 3407 282 3471 Hic
305 3408 401 3471 timor
423 3410 472 3472 est
492 3407 570 3490 ipsis
593 3408 700 3471 durior
722 3408 870 3490 exequiis.

149 3491 257 3556 oNon
280 3492 358 3557 adeo
380 3492 492 3557 leviter
512 3492 629 3558 nostris
649 3512 728 3576 puer
749 3491 854 3556 haesit
874 3490 999 3570 ocellis,

322 3766 426 3906 ’1
