2302 3922
458 292 462 299 ,
521 233 714 289 raoraarrr
801 204 804 209 ’
1035 233 1094 304 [m.

482 423 534 494 m
562 420 742 515 [amre]

200 542 296 609 Nunc
318 544 413 607 etiam
434 543 570 608 infectos
593 544 721 608 demens
744 543 867 608 imitare
882 543 1071 628 Britannos,

242 627 338 690 Ludis
361 630 394 691 et
415 630 543 691 externo
566 628 668 691 tincta
688 628 792 691 nitore
814 628 930 711 caput?

201 707 247 773 Vt
266 713 379 773 natura
400 710 501 793 dedit,
526 711 571 775 sic
593 710 695 775 omnis
716 714 802 775 recta
823 712 968 796 figurast:
1060 724 1093 774 25

244 792 358 876 Turpis
380 792 524 857 Romano
546 794 695 878 Belgicus
717 814 772 857 ore
795 794 890 858 color.

173 875 258 938 allli
280 877 337 940 sub
359 878 453 940 terris
474 878 552 940 fiant
572 878 657 940 mala
677 878 777 941 multa
798 878 921 960 puellae
926 927 935 961 ,

243 959 329 1035 Quae
351 961 485 1025 mentita
506 982 577 1024 suas
599 961 694 1024 vertit
714 961 822 1045 inepta
844 982 959 1025 comae.

200 1041 249 1106 De
270 1065 336 1125 me,
358 1045 404 1107 mi
425 1047 508 1108 certe
529 1045 648 1127 poteris
669 1045 809 1108 formosa
827 1045 940 1129 videri,

242 1126 289 1190 Mi
310 1128 450 1191 formosa
471 1130 520 1191 sat
542 1149 589 1210 es,
613 1128 755 1192 simodo
778 1150 871 1212 saepe
892 1129 990 1193 venis
1060 1144 1093 1191 30

23 1284 28 1303 ι
200 1210 254 1273 An
276 1211 303 1274 ei
325 1212 467 1275 caeruleo
490 1212 643 1294 quaedam
665 1233 721 1275 sua
742 1216 886 1295 tempora
907 1212 979 1275 fuco

153 1305 185 1353 10
242 1293 399 1375 Tinxerit,
421 1294 539 1358 idcirco
562 1296 685 1359 caerula
706 1296 809 1359 forma
829 1294 966 1358 bonast?

201 1375 282 1440 Cum
303 1376 362 1439 tibi
382 1397 441 1440 nec
463 1377 560 1440 frater
581 1399 640 1442 nec
662 1380 704 1441 sit
724 1378 784 1441 tibi
805 1378 888 1441 filius
910 1378 1008 1460 ullus,

243 1459 353 1521 Frater
374 1478 433 1542 ego
456 1462 489 1522 et
509 1460 568 1522 tibi
590 1461 650 1523 sim
671 1461 754 1523 filius
776 1482 858 1523 unus
880 1482 949 1545 ego.

200 1540 273 1623 Ipse
294 1543 367 1604 tuus
390 1562 514 1624 semper
533 1542 593 1605 tibi
615 1543 657 1604 sit
680 1542 822 1605 custodia
842 1544 958 1626 lectus,
1059 1557 1092 1608 35

242 1622 310 1686 Nec
331 1623 426 1686 nimis
449 1626 560 1687 ornata
581 1625 686 1688 fronte
709 1625 815 1688 sedere
837 1626 924 1689 velis.

152 1718 184 1768 15
200 1704 335 1770 Credam
356 1727 416 1790 ego
438 1707 594 1788 narranti,
617 1707 684 1770 noli
707 1707 908 1789 conmittere,
930 1708 1047 1775 famae:

241 1788 286 1853 Et
306 1792 423 1853 terram
443 1811 551 1853 rumor
572 1790 712 1853 transilit
734 1793 765 1854 et
785 1791 895 1854 maria.

480 2020 549 2092 xri
574 2019 749 2112 [xvma.

198 2140 271 2206 Etsi
291 2163 342 2206 me
364 2141 463 2207 invito
487 2141 635 2225 discedis,
659 2139 812 2224 Cynthia,
833 2141 949 2227 Roma,

240 2225 355 2289 Laetor
377 2224 461 2309 quod
483 2226 550 2289 sine
571 2246 623 2289 me
645 2225 735 2289 devia
755 2247 828 2288 rura
850 2226 943 2290 coles.

198 2307 314 2372 Nullus
337 2309 398 2373 erit
419 2310 512 2372 castis
534 2309 656 2373 iuvenis
680 2311 844 2391 cormptor
865 2309 899 2372 in
924 2310 1027 2393 agris,

243 2391 304 2466 Qui
324 2395 357 2455 te
379 2391 541 2456 blanditiis
563 2413 629 2455 non
650 2392 734 2455 sinat
756 2412 823 2455 esse
844 2393 990 2477 probam3

171 2473 299 2537 tNulla
319 2495 421 2557 neque
443 2478 517 2538 anta
537 2477 608 2538 tuas
631 2475 748 2538 orietur
769 2475 838 2538 rixa
858 2475 1029 2554 fenestras,

240 2557 309 2622 Nec
329 2557 388 2621 tibi
411 2558 563 2621 clamatae
584 2579 713 2622 somnus
736 2579 859 2622 amams
881 2559 950 2623 erit.

199 2639 274 2704 Sola
295 2641 355 2704 eris
378 2644 411 2704 et
431 2641 517 2704 solos
540 2641 712 2724 spectabis,
735 2640 887 2725 Cynthia,
909 2645 1035 2707 montes

240 2723 284 2786 Et
303 2743 400 2805 pecus
422 2726 454 2786 et
474 2724 552 2786 fines
573 2724 721 2806 pauperis
743 2725 910 2806 agricolae.

198 2806 270 2870 Illic
290 2807 322 2869 tc
343 2806 424 2869 nulli
444 2809 595 2888 poterunt
616 2806 904 2887 corrumpereludi

151 2902 183 2950 10
238 2887 386 2970 Famaque
407 2889 545 2971 peccatis
566 2889 704 2972 plurima
725 2909 818 2952 causa
839 2890 918 2953 tuis:

198 2971 269 3036 Illic
291 2971 421 3036 adsidue
443 2976 550 3036 tauros
573 2972 728 3056 spectabis
751 2974 876 3036 arantes

239 3055 284 3120 Et
303 3055 401 3120 vitem
421 3055 514 3119 docta
534 3076 651 3139 ponere
671 3055 753 3119 falce
776 3076 895 3141 comas,

198 3142 229 3205 A
265 3161 304 3205 ue
324 3138 369 3204 ibi
390 3161 462 3203 rara
482 3139 564 3203 feres
586 3139 705 3202 inculto
727 3142 799 3203 tura
820 3143 936 3206 sacello
942 3192 951 3225 ,

273 3224 366 3289 aedus
387 3223 443 3289 ubi
465 3224 604 3307 agrestes
628 3226 752 3287 corruet
773 3228 845 3288 ante
867 3226 971 3309 focos,

151 3322 182 3372 15
196 3308 345 3373 Protinus
368 3311 400 3372 et
419 3307 505 3371 nuda
527 3305 657 3371 choreas
679 3307 842 3372 imitabere
865 3331 952 3395 sura,

241 3392 356 3457 Omnia
377 3392 416 3454 ab
439 3395 568 3455 externo
592 3390 657 3454 sint
677 3391 772 3456 modo
793 3395 863 3456 tuta
883 3393 961 3457 viro.

198 3475 271 3561 Ipse
294 3494 353 3558 ego
375 3476 527 3540 venabor:
550 3475 614 3540 iam
634 3494 720 3538 nunc
741 3497 792 3563 me
815 3497 903 3541 sacra
923 3478 1046 3546 Dianae

40 3792 199 3876 A
