2302 3922
94 214 136 280 90
481 219 674 275 euoenaru
946 216 1062 287 [xxm

199 378 336 466 Volgari
357 380 442 444 buxo
464 381 592 445 sordida
613 401 685 445 cera
705 379 775 444 fuit.

158 465 408 547 Qualescumque
430 463 511 529 mihi
532 486 656 548 semper
677 484 823 528 mansere
844 461 971 547 fideles,

108 559 142 610 10
198 547 330 631 Semper
351 551 384 611 et
406 548 536 613 effectus
557 569 758 632 promeruere
780 546 891 611 bonos.

156 630 305 698 Forsitan
326 631 405 696 haec
426 632 490 696 illis
512 632 631 696 fuerint
652 631 802 696 mandata
822 629 965 695 tabellisz

200 713 337 781 ‘Irascor
344 763 354 800 ‚
377 715 553 799 quoniam's
575 715 675 798 lente,
697 717 837 779 moratus
858 713 937 778 heri.

156 799 210 863 An
231 798 292 862 tibi
313 800 503 882 nescioquae
524 799 624 864 visast
643 798 834 864 formosior?
858 819 901 861 an
920 799 957 860 tu

199 880 276 946 Non
297 882 378 947 bene
400 883 439 946 de
460 882 554 947 nobis
577 882 709 947 crimina
730 882 804 947 ficta
824 880 941 945 iacis‘?'

111 978 142 1027 15
156 965 224 1032 Aut
245 965 339 1031 dixti:
362 965 481 1031 ‘venies
502 965 612 1049 hodie,
635 965 828 1030 cessabimus
848 985 927 1028 una:

198 1048 384 1134 Hospitium
405 1052 474 1114 tota
494 1052 589 1114 nocte
610 1050 737 1133 parabit
758 1050 883 1132 Amor,’

157 1132 202 1198 Et
222 1154 437 1217 quaecumque
457 1133 567 1198 volens
588 1134 708 1230 reperit
727 1154 794 1198 non
816 1133 913 1197 stulta
933 1132 1056 1216 puella,

200 1216 334 1282 Gaetula
355 1237 427 1283 cum
448 1216 574 1281 blandis
596 1217 711 1282 droitm
735 1217 814 1282 hora
835 1216 926 1280 dolis.

156 1299 210 1365 Me
232 1301 383 1365 miserum
419 1299 469 1365 his
492 1301 605 1384 aliquis
626 1302 784 1366 rationem
810 1299 921 1365 scribit
941 1319 1056 1363 avarus

106 1396 142 1446 20
197 1383 242 1449 nt
262 1386 356 1468 ponit
376 1349 470 1448 (iuras
492 1385 576 1448 inter
598 1385 825 1469 ephemeridas.

157 1467 242 1542 Quas
264 1468 364 1550 siquis
385 1467 465 1531 mihi
486 1469 658 1551 rettulerit,
683 1469 853 1533 donabitur
875 1486 961 1532 auro.

200 1549 278 1624 Quis
299 1570 357 1632 pro
380 1549 498 1613 divitiis
521 1551 610 1634 ligna
631 1553 755 1615 retenta
776 1551 875 1615 velit?

156 1631 174 1697 I
193 1652 286 1715 puer,
309 1635 341 1695 et
362 1632 444 1696 citus
465 1631 544 1696 haec
566 1633 671 1715 aliqua
691 1655 834 1716 propone
857 1634 1020 1718 columna,

198 1714 243 1779 Et
263 1714 427 1779 dominum
448 1713 601 1798 Esquiliis
623 1716 725 1781 scribe
747 1716 890 1780 habitare
911 1719 1013 1784 tuum.
1103 1762 1106 1766 -

497 1926 637 2000 XXIIH

157 2049 284 2115 Falsast
303 2050 366 2114 ista
386 2052 475 2132 tuae,
497 2050 624 2133 mulier,
645 2051 761 2115 fiducia
781 2051 917 2135 formae,

201 2132 288 2198 Olim
309 2133 410 2199 oculis
431 2134 566 2198 nimium
587 2134 672 2200 faeta
694 2135 829 2220 superba
849 2137 938 2200 meis.

157 2216 276 2283 Noster
297 2237 387 2282 amor
406 2219 487 2283 tales
508 2218 621 2283 tribuit
641 2219 715 2302 tibi,
739 2218 892 2303 Cynthia,
915 2216 1041 2285 laudess

200 2299 354 2367 Versibus
376 2302 537 2387 insignem
557 2304 590 2366 ts
611 2303 709 2386 pudet
730 2325 798 2368 esse
819 2304 908 2368 meis.

129 2383 297 2449 oMixtam
317 2388 350 2449 te
369 2386 457 2450 varia
477 2385 603 2450 laudavi
624 2407 717 2471 saepe
736 2387 852 2472 figura,

201 2467 261 2548 Vt,
284 2469 369 2553 quod
390 2489 458 2534 non
479 2489 580 2553 esses,
603 2490 671 2535 esse
693 2474 821 2555 putaret
843 2490 949 2553 amor,

157 2550 203 2616 Et
223 2553 312 2617 color
333 2555 382 2618 est
402 2553 521 2618 totiens
541 2573 633 2619 roseo
656 2556 790 2621 collatus
811 2555 896 2637 Eoo,

202 2633 283 2701 Oum
304 2636 365 2701 tibi
385 2637 545 2719 quaesitus
569 2639 686 2703 candor
707 2640 742 2703 in
764 2659 818 2703 ore
839 2639 936 2702 foret:

160 2716 252 2793 Quod
272 2719 353 2782 mihi
373 2740 440 2784 non
461 2720 557 2804 patrii
577 2723 726 2804 poterant
747 2724 888 2785 avertere
910 2719 1018 2800 amici,

111 2815 145 2865 10
200 2799 317 2865 Eluere
339 2805 395 2865 aut
415 2806 505 2868 vasto
527 2803 679 2871 Thessala
699 2825 776 2888 saga
797 2803 885 2866 mari.

157 2882 247 2948 Haec
269 2903 344 2969 ego,
367 2905 434 2948 non
454 2886 556 2972 ferro,
577 2907 644 2951 non
664 2887 739 2970 igne
762 2887 903 2966 coactus,
931 2883 1056 2968 etipsa

199 2965 383 3051 Naufragus
405 2968 533 3052 Aegaea
553 2991 628 3035 vera
647 2969 771 3034 fatebar
793 2988 883 3051 aqua.

159 3050 331 3136 Oorreptus
354 3071 446 3116 saevo
469 3050 601 3116 Veneris
622 3052 765 3116 torrebar
787 3051 907 3118 aheno:

201 3135 337 3202 Vinctus
359 3156 446 3200 eram
467 3156 574 3200 versas
596 3136 629 3200 in
651 3158 723 3201 mea
743 3141 835 3222 terga
855 3158 976 3201 manus.

110 3233 143 3285 15
158 3220 242 3286 Ecce
264 3221 435 3286 coronatas
456 3222 584 3304 portum
604 3221 739 3318 tetigere
762 3222 903 3304 carinae,

200 3303 365 3370 Traiectae
387 3303 510 3389 Syrtes,
533 3325 650 3370 ancora
670 3308 754 3371 racto
775 3305 895 3370 mihist.

157 3389 253 3461 Nunc
274 3389 402 3454 demum
422 3392 513 3454 vasto
534 3389 611 3454 fessi
632 3390 846 3474 resipiscimus
868 3391 971 3470 aestu,

200 3471 402 3558 Volneraque
424 3474 465 3538 ad
486 3495 598 3539 sanum
619 3495 705 3539 nunc
727 3474 829 3540 coiere
850 3494 930 3536 mea.
