2302 3922
94 219 181 289 vui]
491 216 599 271 amaa
619 216 653 273 v.

136 378 279 444 Narrant
297 376 450 442 historiae
471 376 601 442 foedera
621 380 699 442 nota
720 399 809 444 suae:

93 463 183 530 Haec
205 484 262 527 sua
282 461 435 526 maternis
457 462 599 545 queritur
620 461 717 526 livere
738 461 859 528 catenis

137 546 273 610 Brachia
293 567 353 610 nec
374 546 503 609 meritas
524 544 642 630 frigida
663 567 739 610 saxa
759 568 887 611 manusc

93 630 213 698 Narrat
233 629 460 714 Hypermestre
481 650 636 713 magnum
657 651 749 694 ausas
771 651 840 695 esse
862 649 1002 711 sorores,

136 714 176 778 In
198 714 302 780 scelus
323 713 385 777 hoc
407 714 547 777 animum
568 734 636 777 non
657 713 794 778 valuisse
816 735 917 779 suum.

96 797 150 865 Sic
172 798 284 862 mortis
306 797 444 862 lacrimis
465 798 549 861 vitae
571 818 719 862 sanamus
743 818 881 862 amores:

138 881 214 947 Celo
237 903 297 967 ego
319 880 469 964 perfidiae
491 881 625 946 crimina
637 881 739 946 multa
759 884 842 946 tuac.
1023 893 1057 943 το

95 964 159 1032 Sed
179 966 240 1030 tibi
260 985 346 1030 nunc
367 965 517 1030 mandata
538 965 659 1047 damus,
681 966 710 1029 si
730 966 813 1030 forte
834 965 989 1049 morene,

138 1049 173 1115 Si
193 1052 226 1114 te
247 1070 314 1113 non
334 1051 439 1113 totum
461 1049 628 1114 Chloridos
650 1049 749 1113 herba
770 1052 874 1114 tenet:

95 1132 213 1199 Nutrix
234 1134 269 1196 in
289 1133 435 1197 tremulis
448 1133 567 1216 nequid
582 1133 740 1197 desideret
761 1134 853 1197 annis

137 1215 322 1282 Parthenia:
344 1217 463 1300 patuit,
485 1238 545 1281 nec
564 1217 625 1281 tibi
647 1239 741 1281 avara
762 1217 832 1281 fuit.

95 1301 298 1384 Deliciaeque
319 1321 408 1365 meac
429 1297 543 1383 Latris,
567 1301 618 1366 cui
638 1321 757 1364 nomen
778 1301 818 1365 ab
839 1302 938 1383 usust,
1025 1311 1059 1363 75

138 1385 189 1450 Ne
210 1384 374 1469 speculum
395 1384 542 1449 dominae
562 1385 708 1469 porrigat
727 1384 784 1449 illa
797 1405 907 1448 novae.

95 1468 141 1534 Ilt
162 1489 376 1552 quoscumque
397 1488 468 1532 meo
491 1467 595 1533 fecisti
616 1469 747 1533 nominc
769 1489 892 1551 versus,

139 1551 204 1616 Vre
226 1551 321 1617 mihi:
344 1553 452 1616 laudes
472 1552 581 1617 desine
602 1552 719 1617 habere
740 1574 835 1616 meas.

96 1636 185 1701 Pelle
199 1635 347 1701 hederam
362 1636 495 1719 tumulo,
510 1635 591 1700 mihi
602 1657 681 1719 quae
692 1639 859 1720 pugnante
873 1635 1023 1719 corymbo

139 1720 251 1784 Mollia
273 1721 427 1785 contortis
448 1720 570 1804 adligat
591 1741 664 1784 ossa
685 1720 795 1784 comis.
1025 1732 1059 1782 80

97 1804 244 1869 Pomosis
265 1804 352 1868 Anio
374 1826 437 1887 qua
458 1804 611 1888 spumifer
625 1804 757 1868 incubat
778 1805 870 1886 arvis,

139 1888 185 1952 ,ur
203 1909 377 1971 numquam
398 1888 556 1952 Herculeo
578 1888 708 1952 numine
730 1888 830 1971 pallet
851 1887 938 1970 ebur,

97 1971 162 2036 Hic
185 1991 312 2035 carmen
333 1971 438 2035 media
459 1971 592 2055 dignum
613 1992 664 2035 me
687 1972 788 2036 scribe
811 1973 973 2053 columna,

141 2055 203 2120 Sed
224 2055 328 2135 breve,
351 2054 435 2138 quod
458 2075 587 2120 currens
608 2058 717 2120 vector
739 2056 778 2119 ab
799 2056 878 2120 urbe
900 2055 1002 2140 legat:

99 2140 174 2204 ‘Hic
195 2138 363 2203 Tiburtina
383 2140 466 2203 iacet
487 2160 582 2204 aurea
596 2138 735 2224 Cynthia
755 2143 852 2204 terra:
1026 2151 1059 2201 85

141 2224 287 2288 Accessit
306 2223 395 2307 ripae
417 2223 496 2305 laus,
519 2223 654 2307 Aniene,
675 2226 771 2289 tuae'

97 2306 168 2374 Nec
188 2310 224 2370 tu
246 2329 359 2391 sperne
380 2307 442 2391 piis
463 2308 624 2372 venientia
645 2309 769 2372 somnia
789 2308 908 2392 portis:

142 2389 223 2454 Cum
243 2391 297 2474 pia
317 2395 473 2455 venerunt
493 2393 627 2474 somnia,
649 2392 774 2475 pondus
801 2390 932 2456 habent.

99 2473 203 2540 Nocte
225 2495 324 2558 vagae
344 2474 487 2556 ferimur,
509 2497 573 2539 nox
595 2476 717 2540 clausas
743 2476 858 2541 liberat
878 2475 1016 2558 umbras,

141 2557 238 2620 Errat
258 2561 291 2621 et
312 2556 436 2621 abiecta
457 2556 612 2623 Cerberus
633 2560 701 2644 ipsc
723 2580 801 2624 sera.
1026 2573 1060 2620 90

99 2640 186 2706 Luce
207 2640 319 2704 iubent
340 2640 428 2725 leges
449 2640 589 2707 Lethaea
609 2643 649 2708 ad
671 2647 786 2728 stagna
806 2644 930 2709 reverti.

141 2724 174 2790 N
176 2744 211 2788 os
232 2723 391 2807 vehimur,
413 2729 538 2790 vectum
559 2730 658 2791 nauta
678 2731 823 2793 recenset
844 2747 932 2792 onus.

99 2809 196 2876 Nunc
217 2812 249 2873 te
271 2809 456 2893 possideant
477 2811 572 2876 aliae:
594 2833 670 2875 mox
692 2812 760 2877 sola
780 2812 912 2877 tenebo:

141 2892 268 2958 Mecum
289 2894 367 2977 eris,
389 2896 421 2958 et
441 2894 549 2958 mixtis
572 2895 696 2959 ossibus
717 2917 791 2961 ossa
811 2899 933 2961 teram?

99 2975 188 3040 Haec
209 2980 380 3061 postquam
402 2978 532 3061 querula
553 3000 677 3043 mecum
699 2980 757 3045 sub
779 2979 836 3044 lite
857 2980 989 3064 peregit,
1026 2991 1059 3041 95

141 3059 229 3125 Inter
252 3061 424 3145 conplexus
447 3062 564 3126 excidit
585 3063 697 3127 umbra
718 3083 816 3128 meos.

529 3275 616 3347 VIII

98 3395 205 3478 Disce,
229 3396 305 3479 quid
326 3396 487 3480 Esquilias
509 3399 569 3461 hac
590 3399 685 3461 nocte
706 3397 826 3482 fugarit
847 3419 981 3482 aquosas
987 3447 997 3481 ,

143 3478 225 3545 Cum
249 3481 352 3546 vicina
372 3481 462 3546 novis
484 3481 577 3545 turba
599 3480 738 3546 cucurrit
758 3482 853 3568 agris.
