2302 3922
72 209 118 283 1.]
459 212 567 269 uranu
587 215 635 270 111.
988 213 1027 277 41

72 370 190 437 Durius
212 371 247 436 in
267 373 360 437 lenis
382 373 464 437 nihil
487 375 640 457 estquod
662 375 910 460 1111111111111,

115 455 198 539 Nee,
221 456 315 520 modo
339 457 366 520 si
389 458 507 540 sapias,
528 457 615 604 qluod
635 459 740 524 minus
763 483 831 525 esse
851 462 941 526 velis.
999 475 1031 524 10

73 539 174 615 Quem
196 540 290 604 modo
313 540 438 604 felicem
460 541 526 603 invi
552 542 579 604 'a
601 541 774 607 admirante
795 544 956 628 ferebant,

114 622 209 688 Nune
231 624 352 687 decimo
375 623 525 687 admittor
546 624 599 688 vix
621 645 681 708 ego
704 648 827 709 quoque
850 626 909 692 die.

72 706 167 771 Nune
189 707 290 770 iacere
312 727 329 771 e
352 706 430 770 duro
453 729 567 790 eorpus
589 708 689 790 iuvat,
711 710 814 793 inpia,
837 732 929 794 saxo,

116 789 245 853 Sumere
268 791 301 853 11
321 790 356 852 in
377 793 502 854 nostras
523 791 600 854 trita
621 813 744 856 venena
764 814 892 858 manus:

72 871 141 937 Neo
162 872 239 936 lieet
259 872 295 935 in
315 872 417 937 triviis
440 874 524 937 siooa
545 874 741 957 requieseere
763 876 838 939 luna
998 890 1030 940 15

114 956 182 1019 Aul
202 977 259 1038 per
280 955 414 1020 rimosas
435 957 561 1022 mittere
583 958 679 1022 verba
699 959 793 1022 fores.

74 1038 165 1114 Quod
188 1039 330 1121 quamvis
353 1039 398 1102 ila
419 1041 475 1123 sil,
499 1040 659 1105 dominam
680 1045 802 1105 mutare
825 1043 957 1107 cavebat

115 1121 196 1186 'lum
217 1122 321 1205 flebit,
345 1143 417 1186 oum
437 1123 473 1186 in
493 1145 544 1187 me
566 1126 702 1188 senseris
723 1147 790 1189 esse
812 1125 917 1189 fidem.

443 1270 660 1446 11111.

36 1482 41 1491 ’
73 1475 233 1540 Adsiduae
255 1474 364 1539 multis
387 1474 493 1539 odium
515 1495 664 1558 peperere
687 1476 845 1558 querelae:

114 1559 286 1643 Frangitur
308 1560 342 1622 in
363 1559 460 1622 tacito
482 1558 601 1622 femina
622 1579 715 1642 saepe
736 1560 814 1623 viro.

74 1641 184 1726 Siquid
206 1643 329 1725 vidisti,
353 1663 477 1725 semper
498 1642 614 1705 vidisse
635 1644 768 1727 negato:

114 1729 182 1789 Aul
203 1726 308 1808 siquid
330 1725 431 1788 doluit
452 1725 549 1808 forle,
572 1724 678 1789 dolere
699 1745 791 1810 nega.

73 1808 156 1884 Quid
178 1831 248 1872 mea
270 1810 296 1871 si
319 1809 405 1871 oanis
427 1812 513 1872 aetas
535 1808 737 1872 candesceret
758 1809 865 1891 annis,
1013 1820 1031 1871 o

114 1891 159 1955 nt
179 1892 298 1955 faceres
320 1893 433 1954 scissas
455 1891 606 1975 languida
626 1913 706 1975 ruga
726 1892 848 1975 genas?

72 1975 119 2038 Ar
139 1994 206 2037 non
228 1974 359 2037 Tithoni
381 1996 534 2058 spernens
555 1975 680 2038 Aurora
701 1978 862 2038 senesiam

115 2056 283 2121 Desertum
305 2057 375 2121 an
396 2079 490 2140 passa
511 2058 612 2121 iacere
634 2057 774 2121 dumosi:

73 2141 169 2205 Illum
193 2163 286 2224 saepe
308 2141 372 2205 suis
395 2140 548 2204 decedens
570 2141 651 2204 fovit
671 2141 707 2204 in
726 2141 827 2222 ulnis,

115 2224 217 2299 Quam
237 2224 325 2307 prius
348 2224 513 2288 adiunctos
535 2224 643 2288 sedula
664 2224 743 2288 lavit
764 2244 875 2306 equos:
997 2237 1029 2287 10

71 2307 167 2371 Illum
189 2307 228 2371 ad
250 2308 370 2372 vicinos
394 2329 465 2371 oum
488 2307 632 2391 amplexa
653 2307 828 2390 quiesceres
847 2306 959 2391 Indos,

113 2391 256 2455 Maturus
278 2392 426 2461 iterumsl
447 2394 557 2474 questa
577 2390 680 2454 redire
704 2391 780 2454 dies.

71 2473 133 2537 Illa
154 2474 230 2538 deos
254 2496 379 2539 eurtum
402 2474 617 2538 conscendens
639 2474 720 2537 dixit
741 2474 881 2558 iniquos,

113 2556 255 2621 Invitum
277 2561 308 2620 et
329 2559 422 2620 serris
443 2558 604 2640 praestilit
625 2557 778 2641 officium3

72 2639 131 2704 Oui
153 2641 275 2704 maiora
296 2642 380 2704 senis
402 2639 533 2704 Tithoni
555 2640 671 2724 gaudia
691 2641 769 2722 vivi,
997 2653 1029 2702 15

117 2723 220 2800 Quam
240 2725 347 2807 gravis
369 2724 485 2787 amisso
507 2723 679 2788 Memnone
700 2724 803 2787 luctus
826 2727 901 2787 erat.
940 2803 943 2808 Ι

72 2805 153 2872 Oum
175 2828 250 2870 sene
271 2828 338 2870 non
358 2806 473 2890 puduit
493 2806 590 2870 'salem
613 2807 749 2870 dormire
771 2807 909 2890 puellam

111 2890 157 2954 Et
177 2912 273 2954 canae
294 2890 413 2954 totiens
435 2889 544 2953 oscula
565 2891 647 2953 ferre
669 2910 786 2954 eomas.

70 2973 115 3038 At
135 2976 173 3037 tu
195 2974 291 3037 eliam
312 2973 458 3037 iuvenem
479 2973 576 3037 odisti
597 2994 662 3056 me,
684 2974 819 3056 perfida,
843 2995 913 3038 oum
936 2975 979 3039 sis

113 3056 187 3140 Ipsa
209 3077 288 3120 anus
309 3056 393 3120 haud
414 3057 513 3141 longa
534 3078 629 3120 eurva
649 3057 756 3122 futura
777 3057 836 3120 die.
995 3070 1028 3120 20

72 3138 157 3215 Quin
179 3161 239 3225 ego
261 3140 409 3204 deminuo
432 3160 554 3222 euram,
578 3140 662 3223 quod
684 3161 776 3223 saepe
799 3138 921 3221 Cupido

113 3222 197 3288 Huio
218 3224 321 3288 malus
343 3244 412 3288 esse
434 3223 530 3306 solet,
543 3225 603 3287 >oui
625 3223 728 3288 bonus
750 3224 823 3285 ante
843 3222 913 3286 luis

475 3394 624 3404 -ι--μ-ιι
