2302 3922
94 210 140 280 n]
479 208 588 262 amaa
608 208 671 264 1111.
1018 202 1059 266 75

136 370 238 453 Inque
259 391 366 434 meum
388 391 512 452 semper
535 372 621 433 stent
641 371 698 432 tua
718 390 819 453 regna
840 371 943 451 caput.

95 452 176 520 Inde
199 457 366 518 coronatas
388 453 445 517 ubi
464 456 535 517 ture
555 453 692 535 piaveris
715 474 802 534 aras,
922 466 928 478 ·

136 538 268 605 Luxerit
289 539 321 601 et
342 539 412 600 tota
432 536 559 600 flamma
581 536 720 600 secunda
741 536 851 619 domo,
1025 547 1060 597 ao

98 621 149 687 Sit
169 640 298 684 mensae
319 620 418 701 ratio,
440 641 567 703 noxque
588 620 674 683 inter
694 621 811 702 poeula
832 621 952 701 ourrat,

138 703 182 769 Et
203 704 331 768 erooino
353 724 446 767 nares
468 723 612 767 mmreus
632 705 735 786 ungat
756 724 855 785 onyx,

94 788 188 853 Tibia
207 787 371 851 nocturnis
394 786 578 851 suoeumbat
598 807 695 850 rauca
716 786 854 869 choreis,

136 870 181 935 Et
202 871 268 935 sint
288 870 450 953 nequitiae
472 870 571 934 libera
592 871 689 934 verba
710 873 798 953 tuae,

94 954 271 1037 Dulciaque
292 955 437 1038 ingratos
460 954 603 1018 adimant
624 954 771 1018 convivia
792 974 938 1036 somnos,
1024 963 1057 1014 aa

137 1038 269 1102 Publica
289 1038 413 1102 vicinae
433 1040 613 1120 perstrepat
632 1059 709 1101 aura
729 1039 815 1101 viae:

97 1121 147 1188 Sit
167 1141 236 1186 sors
257 1123 291 1185 et
309 1121 404 1185 nobis
425 1121 563 1186 talorum
584 1121 758 1204 interprete
778 1122 879 1203 iactu,

138 1203 239 1281 Quem
260 1204 412 1287 gravibus
432 1205 547 1287 pennis
569 1204 714 1268 verberet
734 1205 788 1269 ille
809 1225 899 1287 puer.

96 1287 178 1354 Cum
197 1289 295 1352 fuerit
315 1288 425 1352 multis
448 1290 558 1352 exaota
579 1287 748 1352 trientibus
769 1287 862 1369 hora,

137 1371 251 1437 Noctis
274 1373 306 1435 et
326 1372 473 1436 instituet
494 1393 585 1436 saera
604 1372 751 1436 ministra
772 1371 897 1454 Venus,
1023 1382 1058 1432 30

95 1456 215 1519 Annua
236 1456 396 1519 solvamus
417 1454 559 1520 thalamo
581 1456 750 1520 sollemnia
770 1459 898 1538 nostro,

137 1538 326 1622 Natalisque
345 1539 394 1604 tui
415 1539 462 1603 sio
482 1560 672 1623 peragamus
694 1540 765 1604 iter.

96 1873 179 1949 Quid
200 1872 331 1955 mirare,
353 1893 458 1936 meam
480 1873 508 1937 si
529 1877 634 1937 versat
656 1873 776 1938 femina
796 1873 896 1937 vitam

137 1956 182 2020 Et
202 1955 303 2020 trahit
323 1956 483 2020 addietum
504 1956 563 2019 sub
586 1976 643 2019 sua
664 1957 735 2021 iura
755 1957 874 2038 virum,

95 2039 300 2123 Oriminaque
320 2040 430 2124 ignavi
451 2040 563 2119 eapitis
585 2039 664 2102 mihi
685 2040 792 2136 turpia
812 2039 924 2123 fingis,

138 2121 231 2199 Quod
251 2143 408 2206 nequeam
428 2123 532 2186 fraoto
553 2144 700 2205 rumpere
720 2123 826 2187 vmola
846 2121 945 2206 iugo?

94 2205 272 2272 Venturam
291 2207 405 2271 melius
425 2206 588 2291 praesagit
607 2207 716 2270 navita
736 2208 887 2287 mortem,
1040 2216 1057 2268 a

136 2287 327 2354 Volneribus
349 2290 461 2354 didioit
482 2290 574 2355 miles
595 2290 713 2354 habere
734 2292 863 2353 metum.

94 2372 162 2438 Ista
183 2395 243 2458 ego
264 2373 437 2456 praeterita
458 2375 575 2439 iactavi
594 2374 691 2439 verba
712 2374 854 2438 iuventa:

137 2456 186 2521 Tu
206 2478 292 2522 nuno
313 2457 459 2540 exemplo
482 2458 568 2522 disee
589 2458 701 2522 timere
722 2478 803 2521 meo.

95 2540 225 2606 Oolehis
246 2541 419 2625 flagrantes
441 2541 645 2606 adamantina
667 2541 726 2605 sub
747 2542 823 2624 iuga
842 2543 951 2604 tauros

135 2621 215 2708 Egit
236 2625 269 2688 et
289 2625 446 2709 armigera
467 2625 588 2708 proelia
609 2625 690 2689 savit
710 2623 807 2688 humo
813 2673 823 2707 ,
1025 2635 1058 2687 10

94 2705 306 2791 Custodisque
326 2708 412 2772 feros
434 2708 548 2772 elausit
569 2708 726 2791 serpentis
747 2707 868 2790 hiatum,

136 2789 202 2855 Iret
222 2795 259 2856 ut
278 2792 437 2857 Aesonias
459 2813 553 2856 aurea
574 2792 648 2855 lana
669 2791 790 2856 domos.

93 2874 183 2938 Ausa
203 2874 293 2939 ferox
315 2877 356 2939 ab
378 2895 458 2958 equo
482 2875 642 2958 quondam
663 2896 850 2960 oppugnare
873 2875 1000 2960 sagittis

92 2968 97 2976 ’
135 2958 272 3022 Maeotis
294 2959 440 3023 Danaum
463 2958 664 3024 Penthesilea
684 2962 784 3044 rates;

93 3043 201 3106 Aurea
223 3041 274 3105 oui
294 3045 464 3124 postquam
484 3041 617 3107 nudavit
637 3044 761 3107 oassida
782 3043 937 3123 frontem,
1025 3052 1056 3104 1⁶

55 3148 58 3152 ’
136 3124 223 3189 Viuit
244 3124 397 3188 viatorem
420 3126 554 3190 eandida
575 3127 680 3191 forma
699 3127 813 3190 virum.

94 3208 250 3291 Omphale
272 3208 307 3270 in
328 3208 455 3272 tantum
475 3210 598 3274 formae
619 3209 776 3293 prooessit
796 3207 966 3291 honorem,

136 3291 236 3373 Lydia
259 3290 391 3374 Gygaeo
412 3292 516 3357 tinota
536 3294 643 3377 puella
664 3294 752 3374 laou,

95 3373 152 3457 Vt,
175 3376 230 3458 qui
251 3378 366 3458 pacato
390 3377 555 3440 statuisset
575 3377 610 3440 in
632 3376 708 3440 orbe
730 3375 910 3459 columnas,

135 3457 214 3522 Tam
235 3458 313 3524 dina
333 3458 475 3524 traheret
494 3460 605 3524 mollia
624 3479 725 3543 pensa
745 3480 852 3523 manu.
