2302 3922
63 250 68 259 ·
128 250 173 315 34
515 250 708 306 1111111111
1053 253 1088 325 [1.

143 427 178 477 25
192 414 343 481 Nondum
365 412 483 477 etenim
504 412 660 477 Ascraeos
682 415 804 559 norpntt
821 432 891 476 mea
913 410 1053 474 carmina

748 517 790 558 011
805 517 838 558 es

237 579 300 644 Sed
321 578 416 642 modo
438 578 595 644 Permessi
616 580 745 643 flumine
767 544 853 642 lavit⁷
866 577 975 641 Amor.

529 709 736 952 aa,

475 913 493 952 ²l=

196 995 342 1061 scribant
364 996 402 1061 de
423 999 456 1061 e
478 996 532 1060 aur
553 959 615 1059 va*
625 997 668 1059 sa
690 997 802 1081 ignota
823 995 945 1060 laeua:

236 1079 373 1163 Laudet,
396 1080 449 1226 cpi
471 1079 571 1144 sterili
593 1080 714 1144 semina
734 1081 827 1163 ponit
847 1079 953 1143 humo,

196 1162 327 1246 Omnia,
351 1184 402 1228 cre
425 1185 441 1227 e
463 1163 556 1246 mihi,
579 1185 684 1228 secum
706 1184 769 1227 uno
791 1184 921 1227 munera
942 1162 1025 1225 lecto

237 1247 370 1311 Auferet
391 1247 523 1311 extremi
543 1247 664 1311 funeris
686 1250 754 1311 atra
775 1247 856 1310 dies:

167 1329 243 1395 snt
263 1334 317 1394 tua
337 1331 487 1395 transibit
508 1334 713 1394 contemnens
735 1351 808 1394 ossa
828 1329 946 1408 viator,

237 1413 306 1479 Nec
328 1412 412 1477 dicet
434 1414 531 1478 ‘cinis
552 1413 605 1479 hic
627 1415 720 1478 docta
740 1414 846 1497 puella
865 1411 949 1474 fuit'

515 1623 568 1694 nr
596 1625 702 1716 [11].

196 1744 392 1826 Quicumque
413 1743 467 1807 ille
488 1743 558 1825 fuit,
578 1765 710 1826 puerum
730 1745 784 1827 qui
805 1743 909 1826 pinxit
922 1744 1087 1825 Amorem,

236 1826 353 1892 Nonne
374 1830 467 1909 putas
488 1828 584 1889 miras
605 1826 690 1891 hunc
711 1827 858 1891 habuisse
879 1825 1014 1889 manus?

195 1910 258 1974 Hic
278 1910 417 1993 primum
439 1910 519 1973 vidit
539 1911 607 1974 sine
629 1932 724 1975 sensu
746 1911 849 1975 vivere
871 1913 1013 1973 amantes

237 1992 282 2064 Et
302 1993 423 2058 levibus
446 1994 528 2058 curis
550 2015 667 2079 magna
687 1995 790 2078 perire
811 1995 905 2058 bona.

167 2077 287 2142 aldem
308 2099 376 2142 non
396 2078 514 2142 frustra
534 2082 681 2142 ventosas
704 2078 825 2142 addidit
846 2078 926 2161 alas,

237 2161 326 2226 Fecit
348 2165 381 2226 et
400 2161 540 2226 humano
563 2162 656 2226 corde
679 2163 785 2226 volare
807 2162 914 2245 deum3

196 2245 326 2310 Scilicet
348 2246 470 2311 alterna
491 2247 641 2330 quoniam
661 2246 816 2311 iactamur
837 2246 871 2308 in
892 2244 992 2321 unda,

237 2328 418 2412 Nostraque
439 2350 506 2393 non
526 2331 600 2394 ullis
621 2332 786 2413 permanet
807 2350 882 2392 aura
903 2328 996 2391 locis:

196 2412 240 2477 Et
260 2413 373 2476 merito
395 2412 532 2477 hamatis
553 2434 667 2477 manus
690 2416 737 2477 est
759 2416 879 2476 armata
900 2410 1039 2494 sagittis,

148 2509 181 2559 10
237 2495 281 2560 Et
301 2495 450 2579 pharetra
472 2517 510 2560 ex
530 2517 638 2560 umero
655 2495 775 2560 Gnosia
796 2498 929 2576 utroque
950 2494 1046 2577 iacet;

195 2581 281 2643 Ante
303 2580 378 2642 ferit
395 2580 554 2662 quoniam,
575 2580 638 2643 tuti
660 2601 753 2662 quarn
775 2578 931 2643 cernimus
953 2574 1088 2658 hostem,

238 2662 306 2728 Nec
328 2663 495 2746 quisquam
516 2684 554 2726 ex
575 2663 631 2725 illo
653 2663 781 2726 uolnere
804 2683 898 2725 sanus
920 2659 995 2723 abit.
1041 2720 1045 2726 .

196 2744 236 2809 In
257 2766 308 2808 me
330 2745 393 2808 tela
414 2748 559 2828 manent,
581 2752 690 2808 manet
712 2749 744 2809 11
764 2745 895 2828 puerilis
917 2743 1039 2825 imago:

240 2827 302 2891 Sed
324 2830 408 2891 certe
429 2848 550 2910 pennas
571 2827 709 2910 perdidit
730 2828 784 2890 illc
807 2846 892 2907 suas3

149 2924 181 2975 15
195 2911 311 2976 Evolat
324 2909 387 2973 heu
400 2914 511 2974 nostro
527 2911 675 2993 quoniam
691 2910 729 2973 de
749 2911 876 2992 pectore
891 2927 1047 2990 nusquam

239 2992 461 3076 Adsiduusque
483 3015 553 3057 meo
576 2993 730 3076 sanguine
752 2991 835 3056 bella
856 2991 946 3075 gerit.

198 3078 259 3154 Qui
281 3074 341 3140 tibi
362 3076 564 3140 iocundumst
586 3076 677 3139 siccis
699 3074 842 3138 habitare
863 3074 1033 3140 medullis?

239 3161 256 3226 Ι
276 3181 369 3244 puer,
393 3182 447 3243 en,
471 3160 533 3223 alio
555 3159 652 3223 traice
673 3160 737 3223 tela
757 3160 826 3222 tua!
950 3234 955 3243 ‚

197 3247 339 3311 Intactos
360 3245 423 3309 isto
445 3245 543 3308 satius
564 3246 719 3327 temptare
741 3263 878 3307 veneno:

148 3345 183 3393 20
238 3330 315 3395 Non
336 3349 411 3414 ege,
434 3328 489 3392 sed
510 3328 613 3391 tenuis
635 3328 765 3410 vapulat
784 3328 896 3393 umbra
917 3347 996 3391 mea.

199 3414 300 3490 Quam
322 3413 350 3476 si
371 3411 558 3497 perdideris,
582 3411 651 3494 quis
674 3412 734 3475 erit
755 3412 808 3494 qui
830 3411 907 3474 talia
928 3412 1035 3474 cantet

242 3498 344 3581 (Haec
365 3517 437 3562 mea
457 3495 549 3561 Musa
570 3495 647 3560 levis
670 3495 773 3580 gloria
793 3516 910 3580 magna
930 3495 1048 3575 tuest),

119 3872 124 3883 ,
170 3774 250 3875 Ὗ
