2302 3922
151 228 163 247 =
201 203 393 267 GATULLI
414 202 549 265 clun.
564 215 606 269 56.
621 212 666 268 67.
683 215 783 271 usos.

92 384 128 437 20
148 374 287 434 Verbosa
308 370 421 450 gaudet
441 371 546 433 Venus
567 369 711 450 loquella.

146 453 209 520 Vel
230 457 257 516 si
279 457 340 533 vis,
360 454 438 515 lieet
460 458 587 523 obseres
608 454 754 537 palatum,

147 542 225 602 llum
246 541 343 601 vostri
365 534 421 599 sim
441 540 598 620 particeps
620 543 741 605 amoris

456 746 544 811 LVI.

149 832 178 926 1)
201 882 267 924 rem
285 862 464 942 ridiculam,
487 864 581 943 cato,
604 871 641 937 et
656 867 790 928 iocosam

148 950 337 1027 Dignumque
357 948 481 1007 auribus
502 955 536 1008 et
556 954 609 1008 tuo
630 950 788 1011 caeldnno.

148 1032 246 1110 lude,
269 1030 415 1111 quioquid
436 1050 535 1109 amas,
557 1033 650 1111 Cato,
673 1032 844 1096 Catullum:

147 1117 209 1178 Res
231 1121 279 1177 est
302 1108 432 1175 ridicula
454 1123 486 1175 et
507 1117 730 1179 nlmisiooosa.

108 1210 125 1261 5
148 1198 308 1281 Deprendi
326 1198 416 1259 modo
437 1198 584 1281 pupulum
604 1200 728 1282 puellae

149 1285 349 1346 Trnsantem:
370 1284 452 1344 huno
474 1302 547 1361 ego,
567 1285 593 1344 si
614 1283 718 1366 placet
736 1286 864 1366 Diome,
954 1319 957 1323 v

147 1367 275 1430 Protelo
297 1366 396 1446 rigida
418 1385 486 1427 mea
507 1367 616 1431 cecidi.
705 1419 708 1426 .

441 1588 547 1652 LVII.

149 1674 289 1767 Pulchre
312 1707 456 1767 convenit
476 1707 626 1787 improbis
648 1705 795 1786 cinaedis,

147 1782 323 1852 Mamu'rrae
344 1791 530 1873 pathicoque
553 1791 749 1872 Caesarique.

147 1876 212 1937 Neo
233 1876 357 1935 mirum:
378 1873 515 1938 maculae
535 1893 627 1956 pares
648 1877 798 1956 utrisque,

115 1984 118 1989 ·
147 1960 272 2021 Urbana
293 1957 392 2020 ultera
413 1964 446 2018 et
466 1956 524 2018 illa
542 1958 717 2038 Formiana,

59 2095 63 2113 ,
111 2052 127 2103 5
147 2044 318 2125 impressae
339 2041 479 2115 resident
498 2061 558 2111 neo
578 2042 738 2104 olueutur:

148 2128 288 2189 Morbosi
309 2129 444 2209 paritor,
464 2124 592 2207 gemelli
614 2126 737 2207 utrique

147 2212 216 2272 Uno
236 2213 269 2271 iu
289 2211 421 2289 lectulo,
442 2209 592 2272 erudituli
612 2211 709 2289 ambo,

148 2295 217 2355 Nou
236 2297 287 2355 hio
310 2314 399 2374 quam
419 2294 475 2356 ille
497 2295 593 2372 magis
613 2314 706 2355 vorax
730 2293 860 2374 adulter,
939 2277 941 2280 ‚

147 2378 283 2456 iliades,
305 2381 382 2440 socii
404 2387 436 2440 et
457 2376 672 2460 puellularum.

7 2459 15 2484 ’
94 2471 129 2524 10
148 2461 281 2524 Pulchre
303 2465 446 2550 convenit
466 2463 615 2543 improbis
635 2461 780 2524 oiuaedis.
810 2518 813 2524 .

434 2669 558 2735 LVIII.
687 2662 691 2672 '

150 2750 258 2860 caeli,
278 2783 390 2843 Lesbia
412 2790 534 2861 nostra,
555 2783 667 2844 Lesbia
687 2781 753 2862 illa,

148 2866 204 2927 llla
224 2867 352 2944 Lesbia,
375 2886 464 2946 quam
486 2866 624 2928 Catullus
642 2870 736 2928 unam'

146 2950 220 3010 Plus
242 2970 331 3031 quam
352 2969 385 3010 se
407 2957 499 3029 atque
520 2971 592 3012 suos
613 2954 724 3012 amavit
744 2958 860 3019 omues*¹

146 3034 233 3094 Nune
253 3037 286 3094 in
309 3035 473 3114 quadriviis
495 3044 528 3096 et
549 3037 718 3116 angiportis

105 3127 121 3177 5
144 3118 253 3180 Glubit
271 3121 477 3197 magnanimos
496 3119 585 3184 Remi
605 3129 744 3201 nepotes.

319 3353 321 3356 ·
446 3331 538 3395 LIX.

87 3513 91 3526 .
145 3413 357 3511 Bononiensis
378 3429 627 3515 Rufa'luufulum·
643 3455 744 3538 fellat,
790 3470 794 3478 ·

959 211 1001 273 29
