2302 3922
71 222 181 295 xxvia
466 223 573 278 amna
593 224 642 279 111.
986 216 1028 280 53

175 384 271 450 Nunc
293 385 364 468 dea,
388 406 467 468 quae
490 384 558 449 Nili
579 384 711 448 flumina
731 405 826 449 vacca
847 383 937 448 bibit.

134 468 193 531 Ino
216 470 311 533 etiam
333 468 435 552 prima
455 466 572 532 Thebis
595 471 697 532 aetate
718 469 876 553 fugatast:

85 564 118 612 20
174 551 267 616 Hane
288 553 385 616 miser
406 552 546 634 inploret
565 553 674 615 navita
694 551 907 617 Leucothoen.

134 635 335 700 Andromede
356 636 508 699 monstris
530 635 636 699 fuerat
658 636 771 700 devota
791 634 938 700 marinis:

175 720 264 784 Haeo
287 719 395 784 eadem
416 719 525 783 Persei
545 719 662 783 nobilis
685 740 764 782 uxor
786 723 861 783 erat.

135 801 267 867 Callisto
290 803 444 867 Arcadios
467 806 625 867 erraverat
645 824 719 867 ursa
739 824 796 886 per
818 824 927 887 agros:

175 886 264 950 Haec
284 890 441 949 nocturna
463 907 520 950 suo
542 886 644 951 sidere
665 887 736 950 vela
756 887 848 971 regit.

85 981 118 1030 25
134 969 226 1045 Quod
248 970 275 1033 si
296 969 380 1034 forte
401 970 460 1033 tibi
481 991 539 1054 pro
564 971 684 1034 erarint
704 970 770 1033 fata
792 969 943 1053 quietem,

176 1053 238 1117 Illa
260 1054 438 1136 sepulturae
459 1053 527 1117 fata
541 993 640 1118 heata
660 1057 743 1118 tuae.

134 1136 286 1200 Narrabis
310 1135 465 1218 Semelae,
489 1157 550 1219 quo
574 1138 616 1200 sit
636 1137 777 1201 formosa
797 1136 934 1220 pericla,

177 1219 293 1285 Credet
314 1223 347 1283 et
366 1220 436 1302 illa,
460 1241 516 1283 suo
537 1220 631 1284 docta
653 1221 757 1302 puella
777 1220 876 1304 malo;

134 1304 179 1367 Et
200 1305 260 1367 tibi
281 1303 445 1368 Maeonias
467 1304 551 1367 inter
571 1303 719 1367 heroidas
741 1324 851 1368 omnes

85 1399 119 1448 30
175 1387 300 1451 Primus
323 1387 383 1451 erit
403 1387 492 1451 nulla
513 1408 580 1451 non
598 1387 757 1452 tribuente
778 1389 876 1452 locus.

134 1469 244 1554 Nunc,
267 1474 436 1554 utcumque
456 1474 562 1554 potes,
584 1471 745 1556 satagere
766 1472 872 1536 saucia
892 1491 1028 1537 morem:

176 1553 221 1618 Et
242 1554 318 1618 deus
341 1559 374 1619 et
395 1555 490 1619 durus
512 1555 645 1619 vertitur
665 1556 734 1639 ipse
757 1555 833 1620 dies.

134 1637 206 1702 Hoc
228 1639 288 1702 tibi
309 1639 360 1702 vel
381 1639 513 1722 poterit,
537 1638 689 1721 coniunx,
712 1641 878 1721 ignoscere
898 1639 996 1704 Iuno:

175 1721 349 1806 Frangitur
370 1725 402 1786 et
423 1722 516 1804 Iuno,
540 1723 630 1806 siqua
651 1722 758 1806 puella
778 1723 870 1807 perit.

474 1852 626 1861 ————---

497 1936 608 2009 XXV.

135 2056 295 2122 Deficiunt
315 2060 440 2143 magico
462 2059 539 2122 torti
562 2059 620 2122 sub
643 2059 782 2124 carmine
803 2058 944 2142 rhombi,
995 2070 1029 2122 aa

176 2141 221 2205 Et
241 2143 324 2207 iacet
345 2144 485 2206 extincto
507 2143 614 2208 laurus
636 2144 749 2207 adusta
769 2143 856 2227 foco,

134 2223 264 2288 Etiam
286 2226 377 2290 Luna
397 2229 496 2311 negat
516 2227 635 2290 totiens
657 2226 846 2292 descendere
868 2228 972 2311 caelo,

176 2309 341 2393 Nigraque
362 2311 525 2374 funestum
548 2311 689 2375 concinit
710 2332 804 2375 omen
826 2312 902 2376 avis.

106 2390 211 2455 aVna
232 2394 309 2456 ratis
330 2394 389 2458 fati
410 2397 536 2459 nostros
556 2395 699 2478 portabit
720 2415 844 2459 amores

178 2475 313 2541 Caerula
334 2477 373 2541 ad
395 2479 537 2542 infernos
558 2479 715 2557 velificata
736 2479 832 2543 lacus.
995 2492 1029 2542 40

136 2557 169 2622 Si
191 2581 257 2623 non
278 2561 388 2644 unius,
412 2583 542 2644 quaeso,
564 2563 713 2626 miserere
734 2562 876 2629 duorum.

177 2641 307 2727 Vivam,
330 2645 356 2707 si
378 2645 477 2710 vivet:
500 2645 528 2709 si
550 2645 640 2710 cadet
660 2646 731 2730 illa,
754 2647 875 2711 cadam.

134 2726 197 2790 Pro
220 2728 334 2809 quibus
356 2730 473 2812 optatis
496 2750 586 2793 sacro
607 2751 658 2794 me
680 2731 819 2795 carmine
841 2730 971 2796 damno:

87 2822 119 2871 ιο
176 2809 320 2875 Scribam
334 2832 394 2896 ego
418 2821 491 2959 ‘ger
505 2834 657 2897 magnum
671 2815 758 2879 salva
771 2816 877 2898 puella
891 2816 1026 2900 Iovcm3’

135 2893 222 2957 Ante
236 2897 370 2978 tuosque
385 2918 425 2979 pe
448 2918 481 2960 es
496 2897 552 2960 illa
566 2897 636 2981 ipsa
649 2898 800 2982 adoperta
815 2899 951 2984 sedebit,
994 2913 1027 2961 45

176 2977 388 3062 Narrabitque
411 2979 523 3044 sedens
544 2981 642 3066 longa
663 2983 782 3066 pericla
803 3004 869 3046 sua.

474 3111 625 3120 ——-—-—

483 3194 614 3266 XXVI.

134 3312 223 3378 Haec
237 3317 301 3398 tua,
316 3314 530 3398 Persephone,
544 3318 672 3379 maneat
687 3315 863 3400 clementia,
876 3338 935 3382 nec
947 3321 994 3402 tu,

176 3395 400 3481 Persephonae
421 3399 573 3482 coniunx,
597 3399 719 3462 saevior
740 3421 808 3463 esse
830 3401 918 3465 velis.

136 3479 218 3546 Sunt
239 3482 323 3565 apud
343 3481 487 3546 infernos
508 3484 559 3545 tot
579 3482 668 3545 milia
689 3483 914 3549 formosarum:
