2302 3922
95 255 137 318 60
231 285 233 290 ·
391 251 581 314 cATULLl
605 251 738 313 GAthl.
760 261 804 315 68.

162 422 253 499 niro,
273 421 411 482 velutin
431 423 519 499 nigro
541 422 660 496 iactatis
680 422 803 480 turbine
825 423 926 480 nautis

219 505 334 565 Lenius
355 507 492 583 aspirans
513 523 585 562 aura
602 503 736 563 secunda
752 505 838 564 venit

125 599 158 652 65
179 590 239 649 lam
260 606 356 668 prece
374 587 529 664 Pollucis,
550 590 610 647 iam
633 589 771 647 Castoris
792 585 970 668 implorata,
1041 584 1046 598 ’

221 671 300 732 Tale
320 672 380 731 fuit
397 673 486 731 nobis
503 670 602 731 Allius
624 671 776 730 auxilium.

177 756 205 816 ls
226 754 361 834 clausum
381 755 443 816 lato
466 756 615 835 patefecit
636 755 736 815 limite
757 774 910 834 campum,

221 840 310 918 lsq'ue
332 839 453 900 domum
471 840 590 900 nobis
581 857 670 919 usqne
691 837 779 898 dedit
799 838 967 919 dominam,

177 922 227 983 Ad
247 943 336 1000 qnam
357 941 532 983 communes
553 940 777 983 exerceremus
789 941 916 983 amores.

126 1014 160 1068 70
223 1008 290 1083 Quo
307 1027 375 1067 mea
395 1027 429 1067 se
450 1005 536 1067 molli
558 1005 687 1066 candida
708 1005 776 1065 diva
796 1005 877 1085 pede
996 1014 998 1019 ’

178 1089 286 1150 lntnlit
307 1099 340 1152 et
359 1093 434 1151 trito
454 1090 625 1168 fulgentem
646 1091 678 1149 in
698 1089 805 1149 limine
825 1088 961 1170 plantam

220 1174 324 1235 lnnixa
345 1182 451 1254 arguta
472 1176 633 1235 constituit
653 1172 753 1250 solea,

178 1259 324 1339 Coniugis
344 1265 378 1318 ut
399 1258 551 1336 quondam
571 1260 703 1336 flagrans
724 1257 848 1317 advenit
867 1278 970 1319 amore

219 1342 440 1402 Protesilaeam
462 1341 625 1402 Laodamia
647 1341 769 1401 domum

126 1432 158 1486 75
180 1426 335 1505 inceptam
355 1425 487 1502 frustra,
509 1424 645 1484 nondum
666 1442 734 1483 oum
755 1425 902 1501 sangnine
922 1445 1008 1485 sacro

219 1509 327 1568 Hostia
348 1505 491 1568 caelestis
509 1509 702 1588 pacificasset
720 1509 823 1566 heros.

178 1592 229 1653 Nil
250 1593 324 1651 mihi
344 1599 405 1651 tom
425 1591 514 1652 valde
535 1591 670 1692 placeat,
692 1591 877 1650 Rhamnusia
898 1593 1000 1672 virgo,

220 1675 309 1752 Quod
330 1684 449 1735 temere
467 1677 570 1735 invitis
591 1676 774 1754 suscipiatur
796 1675 891 1734 heris.

178 1759 273 1834 Quam
294 1761 397 1818 ieiuna
418 1760 502 1838 pium
523 1758 682 1819 desideret
702 1778 753 1816 ara
774 1774 932 1835 cruorem,

125 1850 159 1903 80
221 1843 318 1902 Docta
340 1850 388 1902 est
409 1844 517 1919 amisso
539 1837 702 1902 Laodamia
723 1843 806 1919 viro,

178 1927 324 2005 Coniugis
347 1933 418 1986 ante
441 1927 545 1986 coacta
565 1927 636 1985 novi
658 1925 816 1984 dimittere
839 1924 968 2004 collum,

218 2012 314 2087 Quam
335 2011 461 2070 veniens
481 2030 542 2070 una
564 2017 658 2088 atque
681 2009 778 2069 altera
799 2028 905 2069 rursus
927 2011 1026 2070 hiems

147 2114 151 2125 ·
176 2095 325 2154 Noctibus
346 2096 379 2154 in
395 2093 496 2174 longia
514 2095 638 2155 'avidum
657 2099 825 2154 saturasset
848 2113 997 2172 amorem,
1125 2122 1127 2126 v

217 2178 328 2238 Posset
349 2186 385 2238 ut
403 2181 532 2259 abrupto
554 2181 657 2238 vivere
680 2178 837 2255 coniugio,
1041 2189 1044 2194 ’

65 2330 67 2334 ,
122 2269 157 2322 85
180 2261 269 2338 Quod
288 2264 408 2323 scibant
428 2263 545 2323 Parcae
564 2282 626 2322 non
646 2260 740 2340 longo
762 2270 903 2342 tempore
926 2262 1041 2340 abisse,

218 2346 252 2405 Si
273 2346 363 2406 miles
384 2366 487 2407 muros
508 2348 585 2415 isset
607 2345 646 2405 ad
666 2345 789 2405 lliacos:

176 2430 251 2488 Nam
274 2437 339 2490 tum
360 2429 500 2489 Helenae
521 2436 611 2509 raptu
632 2431 784 2508 primores
806 2429 988 2507 Argivorum
1037 2431 1039 2435 ‘

122 2562 126 2576 .
218 2514 373 2592 Coeperat
395 2512 434 2572 ad
455 2531 523 2572 sese
547 2513 642 2572 lroia
662 2513 747 2571 ciere
767 2513 865 2588 viros,

178 2594 272 2655 Troia
293 2595 411 2674 (nefas)
439 2614 598 2656 commune
603 2594 796 2674 sepulcrum
824 2595 915 2654 Asiae
935 2580 1092 2676 Europae-

653 2697 730 2757 ‘luet

123 2768 158 2821 90
219 2760 314 2821 Troia
336 2765 434 2823 vlrnm
454 2770 486 2822 ct
506 2762 652 2821 virtutum
675 2764 806 2821 omnium
827 2763 937 2821 acerba
959 2764 1051 2841 cinis,

177 2844 262 2920 Quae
281 2843 331 2904 vel
354 2852 387 2906 et
406 2845 439 2905 id
457 2852 570 2905 nostro*
585 2845 683 2906 letum
701 2844 877 2905 miserabile
898 2845 988 2905 fratri

217 2927 342 2989 Attulit.
371 2931 423 2988 lre'i
444 2931 557 2988 misero
578 2929 679 2989 frater
698 2928 841 3007 adempte
862 2931 953 3008 mihi,

176 3010 237 3070 Hei
258 3014 371 3073 misero
390 3013 481 3073 fratri
503 3012 668 3072 iucundum
687 3011 792 3073 lumen
811 3011 1002 3092 ademptum,

218 3095 336 3156 'l’ecum
356 3116 416 3157 una
435 3103 502 3156 tota
523 3104 572 3156 est
591 3104 697 3162 nostra
716 3094 838 3176 sepulta
861 3096 983 3177 domus,

124 3185 157 3239 95
179 3178 288 3238 Omnia
309 3188 411 3242 tecum
431 3201 491 3239 nna
508 3183 671 3260 perierunt
691 3180 799 3258 gaudia
818 3188 941 3258 nostra,
1035 3206 1036 3210 ¹

217 3263 301 3338 Quae
323 3271 393 3325 tuns
414 3267 446 3324 in
467 3266 529 3324 vita
551 3263 649 3325 dulcis
670 3263 772 3324 alebat
794 3284 886 3324 amor.

176 3345 273 3421 Quem
293 3367 373 3408 nnnc
392 3355 454 3409 tam
473 3347 567 3427 longe
588 3368 650 3409 non
671 3350 755 3407 inter
777 3356 849 3409 nota
868 3346 1009 3427 sepulcra

218 3432 282 3490 Nec
300 3450 399 3512 prope
421 3439 566 3512 cognatos
588 3433 788 3512 compositum
809 3434 944 3508 cineres,
1035 3509 1037 3513 Ι

171 3512 237 3572 Sed
263 3515 357 3576 Troia
376 3518 524 3596 obscena,
545 3516 641 3576 Troia
655 3515 787 3577 infelice
810 3514 963 3596 sepultum

621 3814 656 3841 4¹3·-

637 3840 643 3855 t
