<?xml version="1.0" encoding="UTF-8"?>
<!DOCTYPE html PUBLIC "-//W3C//DTD XHTML 1.0 Transitional//EN"
    "http://www.w3.org/TR/xhtml1/DTD/xhtml1-transitional.dtd">
<html xmlns="http://www.w3.org/1999/xhtml" xml:lang="en" lang="en">
 <head>
  <title>
</title>
<meta http-equiv="Content-Type" content="text/html;charset=utf-8" />
  <meta name='ocr-system' content='tesseract 3.04.00' />
  <meta name='ocr-capabilities' content='ocr_page ocr_carea ocr_par ocr_line ocrx_word'/>
</head>
<body>
  <div class='ocr_page' id='page_1' title='image "./qvaleriicatulli00catugoog_0106.png"; bbox 0 0 2302 3922; ppageno 0'>
   <div class='ocr_carea' id='block_1_1' title="bbox 233 852 843 949">
    <p class='ocr_par' dir='ltr' id='par_1_1' title="bbox 76 808 843 1005">
     <span class='ocr_line' id='line_1_1' title="bbox 233 852 843 949; baseline -0.003 -0.409"><span class='ocrx_word' id='word_1_1' title='bbox 233 852 463 949; x_wconf 75' lang='lat' dir='ltr'>nourr</span> <span class='ocrx_word' id='word_1_2' title='bbox 518 852 843 949; x_wconf 65' lang='lat' dir='ltr'>rrnrrunr</span> 
     </span>
    </p>
   </div>
   <div class='ocr_carea' id='block_1_2' title="bbox 385 1038 686 1097">
    <p class='ocr_par' dir='ltr' id='par_1_2' title="bbox 385 1038 686 1097">
     <span class='ocr_line' id='line_1_2' title="bbox 385 1038 686 1097; baseline -0.003 -1"><span class='ocrx_word' id='word_1_3' title='bbox 385 1038 504 1097; x_wconf 86' lang='lat' dir='ltr'>LIBER</span> <span class='ocrx_word' id='word_1_4' title='bbox 525 1038 686 1097; x_wconf 80' lang='lat' dir='ltr'><strong>PRIMVS.</strong></span> 
     </span>
    </p>
   </div>
   <div class='ocr_carea' id='block_1_3' title="bbox 523 1256 551 1329">
    <p class='ocr_par' dir='ltr' id='par_1_3' title="bbox 523 1256 551 1329">
     <span class='ocr_line' id='line_1_3' title="bbox 523 1256 551 1329; baseline 0.071 -2"><span class='ocrx_word' id='word_1_5' title='bbox 523 1256 551 1329; x_wconf 89' lang='lat' dir='ltr'>I.</span> 
     </span>
    </p>
   </div>
   <div class='ocr_carea' id='block_1_4' title="bbox 55 1374 1024 3064">
    <p class='ocr_par' dir='ltr' id='par_1_4' title="bbox 55 1374 773 1554">
     <span class='ocr_line' id='line_1_4' title="bbox 55 1374 773 1471; baseline -0.004 -17"><span class='ocrx_word' id='word_1_6' title='bbox 55 1374 205 1455; x_wconf 86' lang='lat' dir='ltr'>Divitias</span> <span class='ocrx_word' id='word_1_7' title='bbox 228 1386 308 1449; x_wconf 91' lang='lat' dir='ltr'>alius</span> <span class='ocrx_word' id='word_1_8' title='bbox 330 1386 417 1449; x_wconf 80' lang='lat' dir='ltr'>fulvo</span> <span class='ocrx_word' id='word_1_9' title='bbox 440 1387 501 1449; x_wconf 90' lang='lat' dir='ltr'>sibi</span> <span class='ocrx_word' id='word_1_10' title='bbox 524 1390 677 1471; x_wconf 77' lang='lat' dir='ltr'>congerat</span> <span class='ocrx_word' id='word_1_11' title='bbox 697 1410 773 1451; x_wconf 89' lang='lat' dir='ltr'>auro</span> 
     </span>
     <span class='ocr_line' id='line_1_5' title="bbox 98 1470 720 1554; baseline -0.002 -20"><span class='ocrx_word' id='word_1_12' title='bbox 98 1470 144 1534; x_wconf 81' lang='lat' dir='ltr'>Et</span> <span class='ocrx_word' id='word_1_13' title='bbox 164 1473 279 1533; x_wconf 88' lang='lat' dir='ltr'>teneat</span> <span class='ocrx_word' id='word_1_14' title='bbox 292 1471 368 1533; x_wconf 91' lang='lat' dir='ltr'>culti</span> <span class='ocrx_word' id='word_1_15' title='bbox 389 1470 502 1554; x_wconf 85' lang='lat' dir='ltr'>iugera</span> <span class='ocrx_word' id='word_1_16' title='bbox 522 1472 624 1535; x_wconf 85' lang='lat' dir='ltr'>multa</span> <span class='ocrx_word' id='word_1_17' title='bbox 646 1471 720 1554; x_wconf 78' lang='lat' dir='ltr'>soli,</span> 
     </span>
    </p>

    <p class='ocr_par' dir='ltr' id='par_1_5' title="bbox 55 1553 860 1724">
     <span class='ocr_line' id='line_1_6' title="bbox 55 1553 835 1635; baseline -0.003 -16"><span class='ocrx_word' id='word_1_18' title='bbox 55 1554 159 1630; x_wconf 83' lang='lat' dir='ltr'><strong>Quem</strong></span> <span class='ocrx_word' id='word_1_19' title='bbox 180 1553 270 1618; x_wconf 86' lang='lat' dir='ltr'>labor</span> <span class='ocrx_word' id='word_1_20' title='bbox 291 1553 440 1616; x_wconf 86' lang='lat' dir='ltr'>adsiduus</span> <span class='ocrx_word' id='word_1_21' title='bbox 462 1556 567 1619; x_wconf 87' lang='lat' dir='ltr'>vicino</span> <span class='ocrx_word' id='word_1_22' title='bbox 589 1559 707 1619; x_wconf 90' lang='lat' dir='ltr'>terreat</span> <span class='ocrx_word' id='word_1_23' title='bbox 728 1555 835 1635; x_wconf 86' lang='lat' dir='ltr'>hoste,</span> 
     </span>
     <span class='ocr_line' id='line_1_7' title="bbox 99 1638 860 1724; baseline -0.001 -22"><span class='ocrx_word' id='word_1_24' title='bbox 99 1638 218 1702; x_wconf 85' lang='lat' dir='ltr'>Martia</span> <span class='ocrx_word' id='word_1_25' title='bbox 240 1638 291 1701; x_wconf 89' lang='lat' dir='ltr'>cui</span> <span class='ocrx_word' id='word_1_26' title='bbox 312 1659 440 1701; x_wconf 85' lang='lat' dir='ltr'><strong>somnos</strong></span> <span class='ocrx_word' id='word_1_27' title='bbox 463 1639 596 1703; x_wconf 88' lang='lat' dir='ltr'>classica</span> <span class='ocrx_word' id='word_1_28' title='bbox 616 1640 709 1723; x_wconf 89' lang='lat' dir='ltr'>pulsa</span> <span class='ocrx_word' id='word_1_29' title='bbox 729 1640 860 1724; x_wconf 87' lang='lat' dir='ltr'>fugent:</span> 
     </span>
    </p>

    <p class='ocr_par' dir='ltr' id='par_1_6' title="bbox 55 1721 1020 1890">
     <span class='ocr_line' id='line_1_8' title="bbox 55 1721 1020 1806; baseline -0.006 -19"><span class='ocrx_word' id='word_1_30' title='bbox 55 1721 111 1787; x_wconf 89' lang='lat' dir='ltr'>Mc</span> <span class='ocrx_word' id='word_1_31' title='bbox 132 1743 203 1785; x_wconf 86' lang='lat' dir='ltr'>mea</span> <span class='ocrx_word' id='word_1_32' title='bbox 223 1725 392 1804; x_wconf 79' lang='lat' dir='ltr'>paupertas</span> <span class='ocrx_word' id='word_1_33' title='bbox 414 1723 480 1784; x_wconf 83' lang='lat' dir='ltr'>vita</span> <span class='ocrx_word' id='word_1_34' title='bbox 500 1724 645 1786; x_wconf 86' lang='lat' dir='ltr'>traducat</span> <span class='ocrx_word' id='word_1_35' title='bbox 665 1724 777 1806; x_wconf 80' lang='lat' dir='ltr'>inerti,</span> <span class='ocrx_word' id='word_1_36' title='bbox 1004 1736 1020 1781; x_wconf 84' lang='lat'><strong>5</strong></span> 
     </span>
     <span class='ocr_line' id='line_1_9' title="bbox 99 1804 795 1890; baseline 0.004 -21"><span class='ocrx_word' id='word_1_37' title='bbox 99 1804 186 1871; x_wconf 89' lang='lat' dir='ltr'>Dum</span> <span class='ocrx_word' id='word_1_38' title='bbox 207 1827 296 1869; x_wconf 88' lang='lat' dir='ltr'>rneus</span> <span class='ocrx_word' id='word_1_39' title='bbox 319 1806 450 1869; x_wconf 85' lang='lat' dir='ltr'>adsiduo</span> <span class='ocrx_word' id='word_1_40' title='bbox 473 1807 577 1871; x_wconf 87' lang='lat' dir='ltr'>luceat</span> <span class='ocrx_word' id='word_1_41' title='bbox 597 1808 673 1890; x_wconf 83' lang='lat' dir='ltr'>igne</span> <span class='ocrx_word' id='word_1_42' title='bbox 695 1808 795 1872; x_wconf 88' lang='lat' dir='ltr'>focus.</span> 
     </span>
    </p>

    <p class='ocr_par' dir='ltr' id='par_1_7' title="bbox 56 1889 1020 2058">
     <span class='ocr_line' id='line_1_10' title="bbox 56 1889 1020 1972; baseline -0.009 -16"><span class='ocrx_word' id='word_1_43' title='bbox 56 1890 127 1956; x_wconf 90' lang='lat' dir='ltr'>Iam</span> <span class='ocrx_word' id='word_1_44' title='bbox 148 1889 242 1972; x_wconf 88' lang='lat' dir='ltr'>mihi,</span> <span class='ocrx_word' id='word_1_45' title='bbox 265 1890 328 1952; x_wconf 91' lang='lat' dir='ltr'>iam</span> <span class='ocrx_word' id='word_1_46' title='bbox 350 1891 469 1972; x_wconf 89' lang='lat' dir='ltr'>possim</span> <span class='ocrx_word' id='word_1_47' title='bbox 491 1894 659 1954; x_wconf 88' lang='lat' dir='ltr'>contentus</span> <span class='ocrx_word' id='word_1_48' title='bbox 680 1892 785 1954; x_wconf 83' lang='lat' dir='ltr'>vivere</span> <span class='ocrx_word' id='word_1_49' title='bbox 808 1912 905 1972; x_wconf 82' lang='lat' dir='ltr'>porro</span> <span class='ocrx_word' id='word_1_50' title='bbox 986 1901 1020 1947; x_wconf 73' lang='lat'>25</span> 
     </span>
     <span class='ocr_line' id='line_1_11' title="bbox 99 1973 795 2058; baseline -0.003 -20"><span class='ocrx_word' id='word_1_51' title='bbox 99 1973 170 2039; x_wconf 90' lang='lat' dir='ltr'>Nec</span> <span class='ocrx_word' id='word_1_52' title='bbox 192 1995 315 2055; x_wconf 84' lang='lat' dir='ltr'>semper</span> <span class='ocrx_word' id='word_1_53' title='bbox 336 1974 451 2058; x_wconf 85' lang='lat' dir='ltr'>longae</span> <span class='ocrx_word' id='word_1_54' title='bbox 474 1974 597 2037; x_wconf 91' lang='lat' dir='ltr'>deditus</span> <span class='ocrx_word' id='word_1_55' title='bbox 620 1995 689 2037; x_wconf 89' lang='lat' dir='ltr'>esse</span> <span class='ocrx_word' id='word_1_56' title='bbox 710 1974 795 2056; x_wconf 82' lang='lat' dir='ltr'>viae,</span> 
     </span>
    </p>

    <p class='ocr_par' dir='ltr' id='par_1_8' title="bbox 57 2056 847 2224">
     <span class='ocr_line' id='line_1_12' title="bbox 57 2056 847 2123; baseline -0.005 0"><span class='ocrx_word' id='word_1_57' title='bbox 57 2057 122 2123; x_wconf 83' lang='lat' dir='ltr'>Sed</span> <span class='ocrx_word' id='word_1_58' title='bbox 144 2056 242 2121; x_wconf 77' lang='lat' dir='ltr'>Oanis</span> <span class='ocrx_word' id='word_1_59' title='bbox 264 2058 401 2121; x_wconf 85' lang='lat' dir='ltr'>aestivos</span> <span class='ocrx_word' id='word_1_60' title='bbox 425 2062 512 2120; x_wconf 86' lang='lat' dir='ltr'>ortus</span> <span class='ocrx_word' id='word_1_61' title='bbox 534 2059 633 2121; x_wconf 87' lang='lat' dir='ltr'>vitare</span> <span class='ocrx_word' id='word_1_62' title='bbox 655 2058 713 2119; x_wconf 91' lang='lat' dir='ltr'>sub</span> <span class='ocrx_word' id='word_1_63' title='bbox 735 2058 847 2120; x_wconf 87' lang='lat' dir='ltr'>umbra</span> 
     </span>
     <span class='ocr_line' id='line_1_13' title="bbox 100 2141 789 2224; baseline -0.004 -19"><span class='ocrx_word' id='word_1_64' title='bbox 100 2141 235 2205; x_wconf 86' lang='lat' dir='ltr'>Arboris</span> <span class='ocrx_word' id='word_1_65' title='bbox 258 2141 298 2204; x_wconf 90' lang='lat' dir='ltr'>ad</span> <span class='ocrx_word' id='word_1_66' title='bbox 320 2142 406 2204; x_wconf 91' lang='lat' dir='ltr'>rivos</span> <span class='ocrx_word' id='word_1_67' title='bbox 428 2142 658 2224; x_wconf 87' lang='lat' dir='ltr'>praetereuntis</span> <span class='ocrx_word' id='word_1_68' title='bbox 681 2161 789 2222; x_wconf 84' lang='lat' dir='ltr'>aquae.</span> 
     </span>
    </p>

    <p class='ocr_par' dir='ltr' id='par_1_9' title="bbox 57 2223 1022 2393">
     <span class='ocr_line' id='line_1_14' title="bbox 57 2223 899 2308; baseline -0.007 -17"><span class='ocrx_word' id='word_1_69' title='bbox 57 2226 127 2291; x_wconf 88' lang='lat' dir='ltr'>Nec</span> <span class='ocrx_word' id='word_1_70' title='bbox 147 2228 256 2289; x_wconf 85' lang='lat' dir='ltr'>tamen</span> <span class='ocrx_word' id='word_1_71' title='bbox 277 2225 436 2288; x_wconf 90' lang='lat' dir='ltr'>interdum</span> <span class='ocrx_word' id='word_1_72' title='bbox 458 2225 575 2308; x_wconf 86' lang='lat' dir='ltr'>pudeat</span> <span class='ocrx_word' id='word_1_73' title='bbox 595 2225 735 2288; x_wconf 80' lang='lat' dir='ltr'>tenuisse</span> <span class='ocrx_word' id='word_1_74' title='bbox 756 2223 899 2287; x_wconf 74' lang='lat' dir='ltr'>bidentes</span> 
     </span>
     <span class='ocr_line' id='line_1_15' title="bbox 100 2309 1022 2393; baseline -0.007 -20"><span class='ocrx_word' id='word_1_75' title='bbox 100 2312 169 2373; x_wconf 89' lang='lat' dir='ltr'>Aut</span> <span class='ocrx_word' id='word_1_76' title='bbox 189 2309 318 2373; x_wconf 88' lang='lat' dir='ltr'>stimulo</span> <span class='ocrx_word' id='word_1_77' title='bbox 340 2309 448 2373; x_wconf 83' lang='lat' dir='ltr'>tardos</span> <span class='ocrx_word' id='word_1_78' title='bbox 471 2310 664 2393; x_wconf 74' lang='lat' dir='ltr'>increpuisse</span> <span class='ocrx_word' id='word_1_79' title='bbox 685 2309 797 2389; x_wconf 82' lang='lat' dir='ltr'>boves,</span> <span class='ocrx_word' id='word_1_80' title='bbox 987 2320 1022 2368; x_wconf 80' lang='lat' dir='ltr'>no</span> 
     </span>
    </p>

    <p class='ocr_par' dir='ltr' id='par_1_10' title="bbox 57 2391 857 2542">
     <span class='ocr_line' id='line_1_16' title="bbox 57 2391 857 2477; baseline -0.006 -19"><span class='ocrx_word' id='word_1_81' title='bbox 57 2392 135 2459; x_wconf 90' lang='lat' dir='ltr'>Non</span> <span class='ocrx_word' id='word_1_82' title='bbox 156 2414 312 2477; x_wconf 72' lang='lat' dir='ltr'>agnamve</span> <span class='ocrx_word' id='word_1_83' title='bbox 334 2395 405 2457; x_wconf 89' lang='lat' dir='ltr'>sinu</span> <span class='ocrx_word' id='word_1_84' title='bbox 428 2394 536 2477; x_wconf 86' lang='lat' dir='ltr'>pigeat</span> <span class='ocrx_word' id='word_1_85' title='bbox 556 2394 695 2457; x_wconf 87' lang='lat' dir='ltr'>fetumve</span> <span class='ocrx_word' id='word_1_86' title='bbox 717 2391 857 2474; x_wconf 84' lang='lat' dir='ltr'>capellae</span> 
     </span>
     <span class='ocr_line' id='line_1_17' title="bbox 100 2476 814 2542; baseline 0 -3"><span class='ocrx_word' id='word_1_87' title='bbox 100 2476 271 2542; x_wconf 85' lang='lat' dir='ltr'>Desertum</span> <span class='ocrx_word' id='word_1_88' title='bbox 293 2477 393 2540; x_wconf 87' lang='lat' dir='ltr'>oblita</span> <span class='ocrx_word' id='word_1_89' title='bbox 414 2482 515 2541; x_wconf 88' lang='lat' dir='ltr'>matre</span> <span class='ocrx_word' id='word_1_90' title='bbox 537 2477 653 2540; x_wconf 91' lang='lat' dir='ltr'>referre</span> <span class='ocrx_word' id='word_1_91' title='bbox 675 2477 814 2540; x_wconf 90' lang='lat' dir='ltr'>domum.</span> 
     </span>
    </p>

    <p class='ocr_par' dir='ltr' id='par_1_11' title="bbox 58 2561 868 2729">
     <span class='ocr_line' id='line_1_18' title="bbox 58 2561 803 2645; baseline 0 -20"><span class='ocrx_word' id='word_1_92' title='bbox 58 2561 106 2625; x_wconf 86' lang='lat' dir='ltr'>At</span> <span class='ocrx_word' id='word_1_93' title='bbox 126 2582 184 2625; x_wconf 88' lang='lat' dir='ltr'>vos</span> <span class='ocrx_word' id='word_1_94' title='bbox 207 2562 321 2645; x_wconf 83' lang='lat' dir='ltr'>exiguo</span> <span class='ocrx_word' id='word_1_95' title='bbox 344 2562 465 2644; x_wconf 81' lang='lat' dir='ltr'>pecori,</span> <span class='ocrx_word' id='word_1_96' title='bbox 488 2562 636 2644; x_wconf 85' lang='lat' dir='ltr'>furesque</span> <span class='ocrx_word' id='word_1_97' title='bbox 657 2561 803 2643; x_wconf 87' lang='lat' dir='ltr'>lupique,</span> 
     </span>
     <span class='ocr_line' id='line_1_19' title="bbox 101 2644 868 2729; baseline -0.004 -21"><span class='ocrx_word' id='word_1_98' title='bbox 101 2644 241 2708; x_wconf 85' lang='lat' dir='ltr'>Parcite:</span> <span class='ocrx_word' id='word_1_99' title='bbox 265 2645 304 2708; x_wconf 89' lang='lat' dir='ltr'>de</span> <span class='ocrx_word' id='word_1_100' title='bbox 325 2667 441 2729; x_wconf 84' lang='lat' dir='ltr'>magno</span> <span class='ocrx_word' id='word_1_101' title='bbox 463 2645 582 2727; x_wconf 84' lang='lat' dir='ltr'>praeda</span> <span class='ocrx_word' id='word_1_102' title='bbox 603 2644 740 2727; x_wconf 83' lang='lat' dir='ltr'>petenda</span> <span class='ocrx_word' id='word_1_103' title='bbox 761 2665 868 2728; x_wconf 82' lang='lat' dir='ltr'>grege.</span> 
     </span>
    </p>

    <p class='ocr_par' dir='ltr' id='par_1_12' title="bbox 58 2727 1021 2896">
     <span class='ocr_line' id='line_1_20' title="bbox 58 2727 1021 2811; baseline -0.004 -18"><span class='ocrx_word' id='word_1_104' title='bbox 58 2727 133 2811; x_wconf 83' lang='lat' dir='ltr'>Ipse</span> <span class='ocrx_word' id='word_1_105' title='bbox 155 2748 258 2791; x_wconf 86' lang='lat' dir='ltr'>seram</span> <span class='ocrx_word' id='word_1_106' title='bbox 279 2733 404 2792; x_wconf 87' lang='lat' dir='ltr'>teneras</span> <span class='ocrx_word' id='word_1_107' title='bbox 425 2734 550 2792; x_wconf 81' lang='lat' dir='ltr'>maturo</span> <span class='ocrx_word' id='word_1_108' title='bbox 572 2732 714 2810; x_wconf 88' lang='lat' dir='ltr'>tempore</span> <span class='ocrx_word' id='word_1_109' title='bbox 736 2729 816 2791; x_wconf 77' lang='lat' dir='ltr'>vites</span> <span class='ocrx_word' id='word_1_110' title='bbox 1003 2740 1021 2789; x_wconf 76' lang='lat' dir='ltr'>u</span> 
     </span>
     <span class='ocr_line' id='line_1_21' title="bbox 101 2812 816 2896; baseline 0.001 -21"><span class='ocrx_word' id='word_1_111' title='bbox 101 2812 251 2877; x_wconf 85' lang='lat' dir='ltr'>Rusticus</span> <span class='ocrx_word' id='word_1_112' title='bbox 274 2815 306 2875; x_wconf 89' lang='lat' dir='ltr'>et</span> <span class='ocrx_word' id='word_1_113' title='bbox 326 2812 414 2876; x_wconf 84' lang='lat' dir='ltr'>facili</span> <span class='ocrx_word' id='word_1_114' title='bbox 435 2812 569 2896; x_wconf 85' lang='lat' dir='ltr'>grandia</span> <span class='ocrx_word' id='word_1_115' title='bbox 590 2833 686 2894; x_wconf 91' lang='lat' dir='ltr'>poma</span> <span class='ocrx_word' id='word_1_116' title='bbox 706 2834 816 2876; x_wconf 87' lang='lat' dir='ltr'>manu:</span> 
     </span>
    </p>

    <p class='ocr_par' dir='ltr' id='par_1_13' title="bbox 58 2894 1024 3064">
     <span class='ocr_line' id='line_1_22' title="bbox 58 2894 942 2980; baseline -0.003 -19"><span class='ocrx_word' id='word_1_117' title='bbox 58 2895 129 2961; x_wconf 88' lang='lat' dir='ltr'>Nec</span> <span class='ocrx_word' id='word_1_118' title='bbox 150 2894 172 2959; x_wconf 82' lang='lat' dir='ltr'>S</span> <span class='ocrx_word' id='word_1_119' title='bbox 196 2916 229 2959; x_wconf 87' lang='lat' dir='ltr'>es</span> <span class='ocrx_word' id='word_1_120' title='bbox 252 2895 417 2979; x_wconf 81' lang='lat' dir='ltr'>destituat,</span> <span class='ocrx_word' id='word_1_121' title='bbox 441 2897 495 2960; x_wconf 89' lang='lat' dir='ltr'>scd</span> <span class='ocrx_word' id='word_1_122' title='bbox 516 2897 646 2980; x_wconf 84' lang='lat' dir='ltr'>frugum</span> <span class='ocrx_word' id='word_1_123' title='bbox 668 2917 792 2979; x_wconf 87' lang='lat' dir='ltr'>semper</span> <span class='ocrx_word' id='word_1_124' title='bbox 813 2917 942 2959; x_wconf 87' lang='lat' dir='ltr'>acervos</span> 
     </span>
     <span class='ocr_line' id='line_1_23' title="bbox 101 2918 1024 3064; baseline -0.002 -22"><span class='ocrx_word' id='word_1_125' title='bbox 101 2918 257 3043; x_wconf 72' lang='lat' dir='ltr'>Praclreat</span> <span class='ocrx_word' id='word_1_126' title='bbox 277 2982 310 3043; x_wconf 89' lang='lat' dir='ltr'>et</span> <span class='ocrx_word' id='word_1_127' title='bbox 330 2980 425 3062; x_wconf 91' lang='lat' dir='ltr'>pleno</span> <span class='ocrx_word' id='word_1_128' title='bbox 448 2981 581 3064; x_wconf 83' lang='lat' dir='ltr'>pinguia</span> <span class='ocrx_word' id='word_1_129' title='bbox 601 2983 707 3043; x_wconf 89' lang='lat' dir='ltr'>musta</span> <span class='ocrx_word' id='word_1_130' title='bbox 728 2980 809 3043; x_wconf 85' lang='lat' dir='ltr'>lacu.</span> <span class='ocrx_word' id='word_1_131' title='bbox 990 2992 1024 3040; x_wconf 85' lang='lat'>10</span> 
     </span>
    </p>
   </div>
   <div class='ocr_carea' id='block_1_5' title="bbox 57 3062 1024 3411">
    <p class='ocr_par' dir='ltr' id='par_1_14' title="bbox 57 3062 958 3230">
     <span class='ocr_line' id='line_1_24' title="bbox 57 3062 958 3147; baseline -0.006 -18"><span class='ocrx_word' id='word_1_132' title='bbox 57 3062 145 3129; x_wconf 87' lang='lat' dir='ltr'>Nam</span> <span class='ocrx_word' id='word_1_133' title='bbox 165 3085 312 3144; x_wconf 86' lang='lat' dir='ltr'>veneror,</span> <span class='ocrx_word' id='word_1_134' title='bbox 336 3085 391 3128; x_wconf 86' lang='lat' dir='ltr'>seu</span> <span class='ocrx_word' id='word_1_135' title='bbox 413 3065 511 3146; x_wconf 89' lang='lat' dir='ltr'>stipes</span> <span class='ocrx_word' id='word_1_136' title='bbox 533 3063 630 3127; x_wconf 91' lang='lat' dir='ltr'>habet</span> <span class='ocrx_word' id='word_1_137' title='bbox 651 3063 792 3127; x_wconf 88' lang='lat' dir='ltr'>desertus</span> <span class='ocrx_word' id='word_1_138' title='bbox 813 3062 849 3125; x_wconf 93' lang='lat' dir='ltr'>in</span> <span class='ocrx_word' id='word_1_139' title='bbox 872 3064 958 3147; x_wconf 87' lang='lat' dir='ltr'>agris</span> 
     </span>
     <span class='ocr_line' id='line_1_25' title="bbox 102 3146 792 3230; baseline -0.001 -18"><span class='ocrx_word' id='word_1_140' title='bbox 102 3146 166 3212; x_wconf 82' lang='lat' dir='ltr'>Seu</span> <span class='ocrx_word' id='word_1_141' title='bbox 186 3150 277 3211; x_wconf 88' lang='lat' dir='ltr'>vetus</span> <span class='ocrx_word' id='word_1_142' title='bbox 299 3148 334 3210; x_wconf 94' lang='lat' dir='ltr'>in</span> <span class='ocrx_word' id='word_1_143' title='bbox 354 3148 449 3211; x_wconf 83' lang='lat' dir='ltr'>trivio</span> <span class='ocrx_word' id='word_1_144' title='bbox 471 3147 569 3210; x_wconf 87' lang='lat' dir='ltr'>florea</span> <span class='ocrx_word' id='word_1_145' title='bbox 590 3149 674 3210; x_wconf 87' lang='lat' dir='ltr'>serta</span> <span class='ocrx_word' id='word_1_146' title='bbox 694 3147 792 3230; x_wconf 85' lang='lat' dir='ltr'>lapis:</span> 
     </span>
    </p>

    <p class='ocr_par' dir='ltr' id='par_1_15' title="bbox 58 3229 1024 3411">
     <span class='ocr_line' id='line_1_26' title="bbox 58 3229 1024 3313; baseline -0.005 -17"><span class='ocrx_word' id='word_1_147' title='bbox 58 3230 159 3296; x_wconf 82' lang='lat' dir='ltr'>Flava</span> <span class='ocrx_word' id='word_1_148' title='bbox 180 3229 276 3295; x_wconf 81' lang='lat' dir='ltr'>Ceres</span> <span class='ocrx_word' id='word_1_149' title='bbox 282 3281 291 3313; x_wconf 85' lang='lat'><em>,</em></span> <span class='ocrx_word' id='word_1_150' title='bbox 314 3231 373 3295; x_wconf 91' lang='lat' dir='ltr'>tibi</span> <span class='ocrx_word' id='word_1_151' title='bbox 395 3231 437 3295; x_wconf 87' lang='lat' dir='ltr'>sit</span> <span class='ocrx_word' id='word_1_152' title='bbox 457 3234 568 3295; x_wconf 86' lang='lat' dir='ltr'>nostro</span> <span class='ocrx_word' id='word_1_153' title='bbox 591 3230 630 3294; x_wconf 88' lang='lat' dir='ltr'>de</span> <span class='ocrx_word' id='word_1_154' title='bbox 651 3252 723 3294; x_wconf 90' lang='lat' dir='ltr'>rure</span> <span class='ocrx_word' id='word_1_155' title='bbox 745 3251 863 3295; x_wconf 88' lang='lat' dir='ltr'>corona</span> <span class='ocrx_word' id='word_1_156' title='bbox 991 3242 1024 3291; x_wconf 74' lang='lat'>15</span> 
     </span>
     <span class='ocr_line' id='line_1_27' title="bbox 101 3314 842 3411; baseline -0.001 -32"><span class='ocrx_word' id='word_1_157' title='bbox 101 3314 229 3411; x_wconf 78' lang='lat' dir='ltr'>Spicea,</span> <span class='ocrx_word' id='word_1_158' title='bbox 252 3336 331 3397; x_wconf 87' lang='lat' dir='ltr'>quae</span> <span class='ocrx_word' id='word_1_159' title='bbox 353 3314 464 3397; x_wconf 90' lang='lat' dir='ltr'>templi</span> <span class='ocrx_word' id='word_1_160' title='bbox 486 3314 624 3397; x_wconf 87' lang='lat' dir='ltr'>pendeat</span> <span class='ocrx_word' id='word_1_161' title='bbox 645 3318 718 3377; x_wconf 87' lang='lat' dir='ltr'>ante</span> <span class='ocrx_word' id='word_1_162' title='bbox 741 3314 842 3378; x_wconf 88' lang='lat' dir='ltr'>fores:</span> 
     </span>
    </p>
   </div>
   <div class='ocr_carea' id='block_1_6' title="bbox 57 3397 875 3545">
    <p class='ocr_par' dir='ltr' id='par_1_16' title="bbox 57 3397 875 3545">
     <span class='ocr_line' id='line_1_28' title="bbox 57 3397 864 3482; baseline -0.004 -17"><span class='ocrx_word' id='word_1_163' title='bbox 57 3398 267 3481; x_wconf 80' lang='lat' dir='ltr'>Pomosisque</span> <span class='ocrx_word' id='word_1_164' title='bbox 289 3398 384 3463; x_wconf 85' lang='lat' dir='ltr'>ruber</span> <span class='ocrx_word' id='word_1_165' title='bbox 405 3401 511 3463; x_wconf 87' lang='lat' dir='ltr'>custos</span> <span class='ocrx_word' id='word_1_166' title='bbox 533 3400 670 3482; x_wconf 86' lang='lat' dir='ltr'>ponatur</span> <span class='ocrx_word' id='word_1_167' title='bbox 692 3400 727 3462; x_wconf 91' lang='lat' dir='ltr'>in</span> <span class='ocrx_word' id='word_1_168' title='bbox 747 3397 864 3479; x_wconf 88' lang='lat' dir='ltr'>hortis,</span> 
     </span>
     <span class='ocr_line' id='line_1_29' title="bbox 109 3501 875 3545; baseline -0.001 -4"><span class='ocrx_word' id='word_1_169' title='bbox 109 3501 233 3541; x_wconf 69' lang='lat' dir='ltr'>narnus.</span> <span class='ocrx_word' id='word_1_170' title='bbox 855 3502 875 3545; x_wconf 69' lang='grc' dir='ltr'>ι</span> 
     </span>
    </p>
   </div>
   <div class='ocr_carea' id='block_1_7' title="bbox 0 0 1164 3922">
    <p class='ocr_par' dir='ltr' id='par_1_17' title="bbox 0 0 1164 3922">
     <span class='ocr_line' id='line_1_30' title="bbox 0 0 1164 3922; baseline 0 0"><span class='ocrx_word' id='word_1_171' title='bbox 0 0 1164 3922; x_wconf 95' lang='lat' dir='ltr'> </span> 
     </span>
    </p>
   </div>
  </div>
 </body>
</html>
