2302 3922
86 172 157 243 nu]
482 174 588 229 urana
609 174 657 228 nr.

87 333 155 397 Nos
178 355 374 417 quocumque
397 336 482 418 loco,
505 356 564 399 nos
586 335 674 398 omni
696 337 838 417 tempore
860 338 965 399 tecum

130 417 203 482 Sive
225 439 320 502 aegra
340 419 458 502 pariter
479 419 545 482 sive
567 420 691 482 valente
713 440 829 482 sumus.
1010 431 1043 478 20
1071 488 1074 493 ¹

449 631 515 703 xv
543 631 683 723 [xxm.

90 750 158 815 Scis
180 750 255 814 here
277 753 321 815 mi
342 753 458 816 multas
479 753 597 835 pariter
618 753 774 834 placuisse
796 753 932 836 puellas,

132 834 200 898 Scis
223 834 316 918 mihi,
339 835 564 918 Demophoon,
588 837 689 899 multa
710 837 817 899 venire
839 837 929 898 mala.

90 917 188 982 Nulla
209 920 288 982 meis
310 919 427 982 frustra
449 921 622 983 lustrantur
644 920 782 1003 compita
803 919 939 1002 plantis,

134 1001 160 1064 0
182 1001 277 1065 nimis
300 1003 396 1065 exitio
418 1008 493 1066 nata
514 1002 638 1067 theatra
658 1024 744 1084 mec,

92 1084 164 1149 Sive
186 1086 300 1168 aliquis
322 1086 412 1148 molli
434 1086 554 1149 diducit
575 1085 706 1149 candida
728 1088 822 1170 gestu
1029 1096 1045 1144 5

133 1168 269 1232 Brachia
291 1191 346 1232 seu
368 1169 471 1232 varios
493 1169 607 1233 incinit
628 1190 682 1232 ore
704 1169 827 1232 modos!

92 1251 218 1315 Interea
239 1253 342 1316 nostri
364 1255 519 1335 quaerunt
540 1252 601 1315 sibi
622 1253 735 1315 volnus
757 1252 863 1334 ocelli,

135 1334 278 1399 Candida
298 1357 365 1399 non
386 1339 470 1399 tecto
492 1339 619 1419 pectore
641 1336 731 1417 siqua
752 1335 852 1417 sedet,

93 1417 166 1483 Sive
189 1421 261 1503 vagi
283 1421 385 1483 crines
407 1420 495 1502 puris
517 1420 551 1482 in
572 1419 731 1483 frontibus
754 1422 873 1500 errant,

135 1501 245 1565 Indica
267 1524 345 1585 quos
367 1503 471 1566 medio
494 1503 610 1566 vertice
631 1524 756 1586 gemma
777 1505 874 1566 tenet.
1016 1514 1047 1561 10

94 1585 181 1661 Quae
204 1586 231 1648 si
252 1586 335 1650 forte
357 1584 476 1668 aliquid
497 1587 585 1650 voltu
606 1586 685 1649 mihi
707 1586 783 1650 dura
805 1588 949 1670 negarat,

135 1669 264 1753 Frigida
286 1670 324 1733 de
347 1672 414 1733 tota
436 1670 541 1733 fronte
563 1670 702 1734 cadebat·
716 1691 804 1752 aqua.

95 1752 240 1835 Quaeris,
257 1752 483 1836 Demophoon,
499 1775 554 1818 cur
569 1753 629 1816 sim
639 1757 706 1816 tam
720 1754 825 1816 mollis
836 1753 870 1815 in
880 1750 1012 1815 omnes?

137 1836 227 1911 Quod
251 1838 388 1919 quaeris,
413 1859 504 1900 curae
525 1858 591 1900 non
612 1836 708 1901 habet
729 1837 812 1900 ullus
834 1857 930 1899 amor.

96 1919 160 1984 Cur
183 1921 295 2002 aliquis
319 1921 414 1984 sacris
436 1920 536 1983 laniat
558 1942 614 1983 sua
635 1918 764 1984 brachia
785 1920 908 2003 cultris,
1018 1929 1048 1977 15

137 2003 181 2065 nt
202 2003 337 2088 Phrygis
360 2005 488 2068 insanos
511 2003 650 2067 caeditur
671 2003 711 2066 ad
732 2000 901 2066 numeros?

95 2085 273 2169 Vnicuique
295 2087 382 2151 dedit
403 2089 515 2150 vitium
536 2089 650 2150 natura
672 2089 791 2149 creato:

137 2169 184 2232 Mi
205 2171 334 2234 fortuna
356 2171 473 2254 aliquid
496 2191 619 2252 semper
641 2191 745 2233 amare
767 2168 867 2233 dedit:

96 2253 149 2317 Me
171 2255 246 2317 licet
268 2257 300 2317 et
321 2254 497 2336 Thamyrae
520 2254 657 2317 cantoris
679 2254 745 2317 fata
767 2255 951 2335 sequantur,

138 2337 318 2420 Numquam
340 2338 379 2400 ad
401 2338 570 2418 formosae,
593 2336 713 2419 invide,
737 2357 846 2400 caecus
868 2357 931 2399 ero.
1017 2348 1052 2396 20

97 2419 158 2484 Sed
181 2421 240 2483 tibi
262 2422 290 2484 si
312 2422 407 2484 exiles
430 2421 538 2485 videor
559 2423 706 2484 tenuatus
727 2420 762 2482 in
783 2422 884 2501 artus,

139 2503 283 2567 Falleris:
306 2504 384 2567 haut
405 2507 585 2587 umquamst
606 2505 690 2567 culta
711 2503 819 2567 labore
840 2502 958 2567 Venus

96 2586 304 2651 Percunctere
326 2588 414 2651 licet:
437 2590 563 2671 saepest
584 2590 712 2671 experta
732 2587 839 2669 puella

140 2669 287 2734 Officium
308 2672 377 2734 tota
397 2674 490 2735 nocte
513 2671 616 2735 valere
637 2691 751 2734 meum.

95 2753 239 2836 Iuppiter
260 2754 432 2818 Alcmenae
478 2755 598 2818 eminas
620 2754 816 2837 requieverat
836 2754 968 2837 Arctoa,
1018 2766 1050 2816 25
1136 2790 1139 2795 ·

138 2837 182 2901 Et
204 2838 325 2901 caelum
346 2842 443 2901 noctu
454 2776 513 2901 his
536 2839 604 2901 sine
625 2859 700 2922 rege
720 2838 797 2920 fuit,

96 2920 165 2985 Nec
186 2924 294 2984 tamen
314 2920 431 2985 idcirco
453 2922 608 3005 languens
630 2921 670 2984 ad
690 2921 824 2984 fulmina
845 2922 947 2986 venit:

139 3003 254 3068 Nullus
276 3025 364 3067 amor
386 3005 467 3068 vires
490 3006 534 3068 eri
558 3005 584 3068 it
604 3004 672 3087 ipse
695 3027 776 3070 suaa.

96 3086 203 3162 Quid?
227 3109 298 3151 cum
320 3109 337 3150 e
359 3088 514 3170 conplexu
535 3027 562 3150 h

139 3169 225 3235 Num
246 3170 356 3254 fugere
378 3171 482 3233 minus
504 3170 657 3235 Thessala
678 3171 741 3234 tela
761 3169 927 3253 Phryges?
1017 3184 1052 3234 30

98 3252 201 3328 Quid?
235 3254 320 3317 ferus
353 3254 593 3317 Andromachae
627 3255 813 3398 lectochm
846 3257 989 3338 surgeret

734 3339 834 3419 ector,

139 3418 230 3484 Bella
251 3418 440 3502 Mycenaeae
461 3440 528 3484 non
548 3421 680 3484 timuere
702 3419 806 3484 rates?

565 3088 696 3152 riseidos
719 3089 780 3152 iret
801 3086 958 3166 Achilles,
