2302 3922
221 186 871 321 carosuscanussoesasasr„
997 233 1039 297 oo

87 452 93 471 ,
123 399 141 438 *
156 403 222 478 Quo
240 403 350 480 signo?
373 399 443 478 quis
456 403 528 458 sunt
541 398 672 459 totidem
687 417 768 459 meas
786 397 938 479 deprecor
953 398 1038 463 illem

167 486 315 563 Assidue,
334 502 439 544 verum
460 480 633 561 dispeream
652 483 713 542 nisi
730 502 807 543 amo.
1111 485 1116 495 '

477 674 604 743 XCIII.

122 767 180 861 Nil
201 802 327 860 nimium
348 798 475 878 studeo,
497 799 626 875 Caesar,
648 798 706 858 tihi
725 786 807 860 velle
828 756 970 883 plaeere,

165 885 230 946 Nec
250 886 331 945 scire
352 890 454 944 utrum
475 884 518 942 sis
538 881 625 979 albus
649 900 688 941 an
709 888 776 942 ater
796 884 897 946 homo.

478 1077 601 1142 xciv.

85 1259 90 1274 ,
127 1165 272 1261 Mentula
294 1202 481 1261 moechatur.
503 1201 681 1261 moechatur
701 1198 837 1260 mentula
859 1208 953 1262 certe.

163 1287 232 1345 Hoc
251 1291 315 1363 cst,
336 1285 417 1362 quod
437 1284 557 1377 dieunt,
579 1280 755 1365 ipsaolcra
776 1283 838 1343 olla
856 1281 942 1363 legit.

439 1410 639 1422 1—-

457 1502 460 1507 ·
483 1478 588 1545 XCV.

124 1570 340 1680 Zmyrna'mei
361 1602 478 1663 Cinnae
497 1621 609 1663 nonam
628 1607 699 1682 post
720 1599 852 1679 dentque
872 1621 1002 1664 messem

164 1687 260 1762 Quam
277 1692 387 1765 coepta
405 1694 453 1746 cst
470 1704 642 1764 nonamque
662 1683 746 1745 edita
764 1690 836 1765 post
852 1687 1002 1767 hiemem,

123 1769 224 1830 Millia
245 1791 313 1830 eum
335 1771 456 1830 interea
477 1772 649 1849 quingentax
662 1769 848 1830 Hortensius
867 1789 928 1830 uno

84 1949 101 1999 5
123 1938 257 2016 Zmyrna
278 1957 364 1997 cavas
383 1936 524 1997 Satrachi
543 1939 667 2017 penitus
685 1937 825 1997 mittetur
846 1937 885 1997 sd
904 1939 1016 2018 undas,

164 2024 328 2101 Zmyrnam
349 2040 423 2081 cana
444 2021 497 2081 diu
517 2019 639 2082 saecula
656 2018 849 2101 persoluent.

119 2107 162 2165 At
182 2105 290 2169 Volusi
310 2103 434 2164 annales
455 2104 589 2165 Paduam
609 2106 779 2165 morientur
800 2103 839 2164 ad
859 2107 955 2184 ipsam

46 2250 52 2264 ,
159 2192 200 2249 Et
219 2191 301 2250 laxas
323 2190 471 2249 scombris
492 2207 585 2268 saepe
607 2187 722 2272 dabnpt
741 2189 869 2248 tunicas.

119 2275 216 2334 Parva
237 2274 298 2333 mel
319 2273 394 2333 mihi
415 2274 477 2333 sint
498 2270 584 2332 cordi
605 2276 801 2333 monumenta
824 2272 1004 2348 Phanuelis,

66 2369 100 2420 10
162 2360 203 2418 At
222 2354 354 2438 populus
373 2356 490 2416 tumido
513 2356 643 2434 gaudeat
664 2355 854 2415 Antimacho.

476 2552 599 2617 xcvi.

122 2640 160 2735 Si
182 2678 342 2754 quicquam
360 2674 452 2736 mutis
473 2688 593 2753 gratum
613 2680 808 2752 acceptumve
831 2671 981 2752 sepulcris

159 2760 312 2820 Accidere
333 2781 351 2820 a
371 2767 494 2837 nostro,
517 2758 627 2836 calve,
650 2756 760 2817 dolore
780 2761 902 2837 potest,

118 2844 184 2919 Quo
207 2843 363 2905 desiderio
380 2851 504 2903 veteres
524 2851 704 2901 renovamus
725 2859 844 2901 amores

139 2929 260 3006 ,Atque
282 2927 355 2987 olim
376 2929 482 2987 missas
501 2928 609 2987 flemus
629 2927 795 3001 amicitias,

80 3021 97 3071 5
119 3012 214 3071 Certe
233 3031 295 3070 non
315 3017 402 3072 tanto
423 3031 506 3071 mors
527 3012 688 3069 immatura
709 3007 810 3067 dolori
828 3015 875 3068 est

159 3094 343 3174 Quintiliae,
367 3101 511 3174 quantum
531 3093 644 3172 gaudet
661 3109 764 3152 amore
785 3099 848 3150 tuo.

464 3288 604 3375 noun.

121 3376 192 3471 Non
212 3413 270 3490 (ita
292 3431 341 3472 me
361 3412 406 3474 dii
427 3412 544 3490 ament)
568 3412 736 3490 quiequam
750 3409 872 3469 referre
891 3408 1011 3487 putavi,

158 3497 269 3556 Utrum
290 3516 324 3556 os
347 3516 384 3556 an
404 3495 505 3557 culum
527 3494 708 3557 olfacerem
720 3491 869 3556 heraldus.
