2302 3922
351 250 540 312 casuum
562 250 693 312 crau.
715 263 758 332 oa.

135 421 304 500 Conspexit
327 428 412 480 terra
432 428 556 480 eentum
576 423 785 500 procumbere·
803 428 917 482 tauros.

56 514 110 567 390
131 504 232 583 Saepe
254 523 346 583 vagus
364 505 460 564 Liber
480 505 608 563 Parnasi
626 507 744 566 vertice
766 525 882 565 summo
922 556 927 569 ,

98 599 104 606 ·
127 587 291 666 Thyiadas
311 590 417 649 effusis
439 590 558 647 euantis
581 590 718 648 crinibus
739 591 820 667 egit,

134 672 211 731 Cum
230 672 345 753 Delphi
366 680 432 732 tota
454 671 595 731 certatim
618 691 655 731 ex
674 674 751 732 urbe
772 682 899 733 ruentes

133 756 323 835 deciperent
343 757 419 816 laeti
441 755 542 815 dirum
559 756 745 815 fumantibus
766 759 837 818 aris.

134 839 234 918 Saepe
254 842 286 900 in
308 839 435 900 detifero
458 838 536 899 belli
559 840 727 922 ceptamine
748 841 873 900 Mavors

54 932 109 985 395
130 923 194 982 Aut
209 923 310 1004 rapidi
332 926 471 984 Tritonis
490 926 567 983 hera
589 931 641 982 aut
659 923 844 984 Rhamnusia
865 926 951 1002 virgo

131 1008 273 1067 Armatus
294 1010 450 1068 hominum
470 1016 519 1067 est
536 1025 685 1087 praesens
703 1008 826 1067 hortata
847 1016 992 1067 catervas.

133 1090 197 1150 Sed
217 1099 379 1172 postquam
402 1089 497 1153 tellus
518 1089 640 1151 scelere
662 1098 711 1151 est
731 1093 846 1151 imbuta
867 1091 1018 1169 nefando,

131 1173 343 1255 Iustitiamque
365 1195 472 1236 omnes
492 1173 604 1255 cupida
625 1173 664 1235 de
685 1183 790 1235 mente
811 1175 974 1254 fugarunt,

131 1258 305 1320 Perfudere
327 1280 432 1320 manus
455 1260 595 1319 fraterno
617 1261 765 1338 sanguiue
787 1259 918 1337 iratres,

53 1351 109 1406 400
129 1343 258 1403 Destitit
280 1346 432 1405 extinctos
450 1350 539 1402 natus
560 1339 670 1421 lugere
692 1351 854 1424 parentes,

132 1426 256 1506 Optavit
276 1430 399 1506 genitor
419 1428 567 1508 primaevi
587 1427 697 1486 funera
715 1429 795 1503 nati,

85 1570 90 1580 ,
130 1511 226 1571 Liber
246 1520 281 1573 ut
301 1515 448 1592 innuptae
468 1518 632 1591 poteretur
652 1512 731 1571 flore
754 1529 919 1587 novercae,

130 1594 239 1672 lgnaro
261 1605 359 1656 mater
381 1598 582 1656 substernens
603 1613 638 1654 se
658 1597 751 1675 impia
772 1602 843 1653 nato

130 1678 225 1758 Impia
242 1699 304 1738 non
324 1683 423 1740 verita
445 1688 493 1740 est
510 1678 596 1739 divos
615 1679 773 1739 scelerare
792 1685 954 1759 parentes,

53 1771 108 1824 405
132 1763 241 1822 Omnia
262 1763 354 1823 fanda
371 1764 505 1824 nefanda
525 1763 604 1823 malo
625 1764 777 1843 permixta
797 1763 904 1822 furore

122 1846 294 1928 ¹iustificam
313 1850 401 1908 uobis
423 1856 558 1909 mentem
579 1855 721 1906 avertere
744 1847 881 1906 deorum.

132 1931 233 2006 Quare
255 1950 314 1991 nec
335 1931 408 1991 talis
427 1932 591 2011 dignantur
611 1933 713 1990 visere
736 1937 859 2007 coetus,

129 2016 194 2075 Nec
216 2033 250 2075 se
272 2018 409 2094 contingi
430 2016 590 2096 patiuntur
610 2013 727 2074 lumine
749 2013 842 2074 claro.

491 2219 595 2283 LXV.

16 2373 17 2376 ι
129 2306 203 2400 Etsi
224 2360 273 2400 me
294 2341 416 2401 assiduo
438 2341 613 2400 confectum
636 2359 708 2399 cura
729 2337 839 2398 dolore

173 2425 302 2485 Sevocat
324 2447 341 2484 a
361 2424 477 2503 doctis,
499 2424 623 2502 ortale,
644 2425 830 2502 virginibus,

129 2509 194 2568 Nec
215 2510 297 2589 potis
315 2517 364 2571 eat
385 2509 484 2568 dulcis
504 2509 662 2570 Musarum
681 2524 866 2587 expromere
885 2506 968 2565 fetus

172 2593 263 2652 Meus
282 2595 390 2669 animi,
412 2593 521 2669 (tantis
542 2595 671 2652 fluctuat
689 2593 756 2671 ipsa
777 2588 880 2649 mulis:

94 2688 110 2738 5
132 2677 269 2755 Namque
290 2679 351 2736 mei
370 2695 471 2756 nuper
490 2677 628 2737 Lethaeo
651 2677 772 2754 gurgite
793 2675 900 2734 fratris

172 2759 358 2819 Pallidulum
381 2780 505 2820 manans
527 2760 613 2820 alluit
632 2759 714 2820 unda
729 2758 858 2839 pedem,
918 2762 921 2767 ’

130 2843 226 2904 Troia
247 2845 388 2921 Rhoeteo
412 2862 503 2922 quem
524 2846 632 2904 subter
652 2844 745 2905 litore
767 2842 861 2905 tellus

172 2929 322 3007 Ereptum
343 2930 458 2988 uostris
481 2929 597 2988 obterit
618 2947 656 2988 ex
675 2926 782 2988 oeulis.

86 3008 297 3091 ⁴*Alloquar‚
319 3011 446 3071 audiero
467 3031 620 3091 uunquam
640 3020 696 3071 tua·
823 3010 1012 3090 loquentem,

64 3093 110 3157 '10
171 3096 332 3174 Nunquam
353 3114 410 3174 ego
431 3101 481 3173 te,
502 3097 563 3154 vita
581 3097 680 3155 irater
698 3079 875 3172 amabssior,

128 3180 283 3259 Aspiciam
300 3180 438 3261 posthae
469 3185 500 3239 at
522 3187 608 3240 certe
630 3199 752 3259 semper
773 3179 896 3256 amabo,

172 3265 302 3343 Semper
322 3273 438 3323 maesta
456 3268 509 3323 tua
531 3264 664 3323 carmina
684 3268 784 3323 morte
807 3282 928 3339 cauam,

131 3349 237 3424 Qualia
259 3350 314 3407 sub
338 3347 442 3407 densis
462 3366 615 3407 ramorum
637 3348 773 3406 conciuit
794 3348 911 3406 umbris
949 3402 951 3406 ,

172 3430 297 3492 Daulias
319 3433 471 3511 absumpti
492 3432 556 3490 fata
577 3449 702 3508 gemens
723 3428 830 3508 ltylei)
852 3466 855 3472 ·

71 3526 106 3578 15
129 3515 193 3575 Sed
213 3517 370 3576 tamenin
391 3515 484 3574 tantis
501 3515 708 3592 maeroribus,
728 3511 851 3592 Ortale,
870 3513 958 3572 mitto
