2302 3922
142 218 186 284 48
554 221 698 279 1111111
1071 221 1106 296 11.

209 384 271 450 Seu
293 385 336 448 sit
356 405 435 468 opus
458 383 645 466 quadratum
661 383 743 447 aoies
759 383 913 447 consistat
927 383 963 447 in
977 404 1105 469 agmen,

207 468 325 532 Rectus
347 472 384 531 ut
404 469 546 550 aequatis
568 467 713 532 decurrat
733 467 892 531 frontibus
915 468 1008 549 ordo,

207 551 270 616 Seu
291 552 390 615 libeat
411 551 570 634 duplicem
592 551 759 615 seiunctim
781 572 908 615 eernere
929 551 1083 635 Martem,

207 634 326 698 Dexter
347 635 395 698 uti
416 636 540 698 laevum
561 639 669 699 teneat
690 635 897 717 dextrumque
919 636 1048 700 sinister

146 730 194 780 105
205 718 298 783 Miles
321 719 424 802 sitque
446 719 562 802 duplex
583 719 703 803 gemini
724 719 857 782 victoria
878 739 977 783 casus.

249 803 295 865 At
314 824 381 866 non
402 823 459 886 per
480 803 591 866 dubias
614 806 720 866 errant
733 823 805 865 mea
823 803 964 868 earmina
978 803 1105 869 laudes:

206 885 291 956 Nam
313 885 405 951 bellis
427 889 556 969 experta
577 907 666 951 cano,
699 887 790 950 testis
811 886 892 949 mihi
912 888 1013 951 vietae

208 969 314 1033 Fortis
337 969 486 1053 Iapydiae
508 970 615 1052 miles,
636 970 728 1033 testis
749 991 874 1054 quoque
896 970 993 1035 fallax

206 1052 407 1136 Pannonius,
430 1053 551 1138 gelidas
573 1054 692 1137 passim
713 1053 862 1119 disiectus
884 1054 919 1118 in
940 1055 1039 1139 Alpes

145 1150 195 1200 110
206 1137 311 1202 Testis
333 1138 486 1221 Arupinis
508 1142 541 1202 et
561 1159 680 1222 pauper
700 1141 794 1203 natus
815 1139 852 1201 in
872 1138 970 1220 arvis,

207 1221 308 1297 Quem
330 1222 428 1304 siquis
451 1221 556 1287 videat
576 1226 667 1287 vetus
690 1225 728 1286 ut
747 1243 814 1286 non
835 1221 966 1306 fregerit
986 1226 1091 1306 setae,

207 1305 312 1369 Terna
333 1306 437 1368 minus
458 1305 567 1388 Pyliae
588 1307 720 1371 miretur
741 1307 866 1371 saecula
886 1307 999 1370 famae.

210 1388 347 1452 Centum
368 1387 521 1452 fecundos
544 1389 640 1453 Titan
660 1390 860 1455 renovaverit
880 1412 996 1473 annos,

209 1471 282 1553 Ipse
304 1474 413 1534 tamen
433 1471 526 1534 velox
548 1473 682 1536 celerem
703 1495 798 1556 super
820 1472 911 1538 edere
933 1495 1047 1558 eorpus

145 1566 193 1616 115
208 1553 332 1616 Gaudet
347 1575 461 1636 equum
474 1554 648 1638 validisque
664 1557 752 1620 sedet
765 1557 946 1621 moderator
960 1557 1106 1623 habenis.

207 1636 251 1700 Te
274 1637 352 1700 duee
373 1658 440 1700 non
461 1637 539 1701 alias
561 1659 731 1703 conversus
751 1642 843 1723 terga
864 1640 1013 1705 domante

208 1720 323 1783 Libera
343 1719 506 1784 Romanae
528 1720 662 1786 subiecit
684 1723 766 1786 oolla
788 1726 925 1786 catenae.

249 1803 318 1868 Neo
339 1807 448 1868 tamen
469 1803 520 1868 his
537 1808 705 1870 contentus
727 1806 804 1869 eris:
826 1806 946 1869 maiora
967 1811 1106 1887 peractis

205 1886 347 1971 Instant,
370 1891 598 1971 compertumst
618 1888 780 1953 veracibus
801 1891 838 1953 ut
858 1887 937 1951 mihi
959 1889 1076 1974 signis,

145 1983 195 2040 120
207 1971 283 2047 Quis
305 1972 539 2057 Amythaonius
561 1977 697 2056 nequeat
718 1975 837 2037 certare
858 1972 1046 2056 Melampus.

206 2055 291 2121 Nam
311 2057 406 2121 modo
429 2057 605 2141 fulgentem
627 2057 722 2139 Tyrio
745 2057 944 2141 subtegmine
965 2061 1087 2123 vestem

206 2139 358 2210 Indueras
381 2141 501 2205 oriente
526 2141 576 2205 die
598 2140 676 2205 duce
698 2141 811 2205 fertilis
834 2141 924 2224 anni,

207 2223 410 2307 Splendidior
431 2225 559 2309 liquidis
582 2247 653 2290 oum
675 2224 731 2290 sol
753 2229 848 2309 eaput
875 2225 989 2291 extulit
1008 2226 1104 2290 undis

207 2307 252 2372 Et
272 2308 340 2372 fera
361 2309 522 2374 discordes
543 2313 713 2374 tenuerunt
733 2309 862 2372 flamina
883 2311 983 2391 venti,

146 2403 194 2454 125
207 2390 311 2456 Curva
331 2414 391 2457 nea
413 2393 559 2457 adsuetos
582 2396 717 2477 egerunt
735 2393 868 2457 flumina
890 2415 1013 2475 cursus,

208 2475 292 2551 Quin
313 2477 458 2540 rabidum
479 2477 611 2559 placidis
627 2478 722 2541 etiam
739 2499 826 2541 mare
841 2477 985 2541 constitit
999 2477 1103 2561 undis,

206 2559 305 2622 Nulla
324 2581 385 2624 neo
407 2561 506 2623 aerias
527 2561 664 2625 volucris
686 2562 859 2644 perlabitur
884 2582 976 2624 auras

206 2642 275 2707 Neo
297 2644 473 2727 quadrupes
496 2644 609 2708 densas
631 2645 811 2728 depascitur
833 2667 943 2729 aspera
965 2645 1075 2723 silvas,

207 2725 291 2800 Quin
311 2727 429 2823 largita
449 2728 512 2791 tuis
535 2729 600 2792 sint
620 2735 709 2793 muta
730 2729 856 2793 silentia
876 2729 969 2791 votis.

145 2822 194 2877 130
204 2809 349 2892 Iuppiter
369 2832 438 2893 rpse
459 2812 651 2876 levireatus
673 2835 729 2896 per
750 2813 858 2875 inania
879 2833 972 2875 ourru

206 2893 320 2957 Adfuit
342 2896 375 2956 et
396 2895 483 2958 eaelo
505 2896 645 2960 vicinum
666 2897 759 2979 liquit
781 2896 952 2978 Olympum

207 2977 397 3060 Intentaque
418 2979 481 3042 tuis
503 2981 649 3076 precibus
671 3002 705 3044 sa
726 2980 872 3064 praebuit
893 3001 967 3044 aura

207 3062 390 3145 Cunctaque
412 3083 517 3126 veraor
539 3064 641 3147 eapite
663 3063 791 3127 adnuit:
815 3063 940 3127 additus
963 3064 1025 3126 aris

208 3144 335 3210 Laetior
357 3146 456 3210 eluxit
477 3150 613 3211 structos
635 3169 730 3231 super
750 3149 836 3232 ignis
858 3168 996 3212 acervos

147 3240 193 3296 aa
248 3229 332 3304 Quin
352 3229 501 3295 hortante
524 3231 582 3294 deo
604 3232 729 3315 magnis
751 3233 897 3296 insistere
918 3231 1012 3295 rebus

207 3312 331 3397 Incipe:
353 3336 420 3379 non
441 3316 526 3381 idem
546 3314 605 3378 tibi
628 3315 693 3379 sint
714 3317 846 3399 aliisque
867 3314 1032 3399 triumphi.

207 3396 283 3459 Non
303 3401 336 3462 te
356 3399 461 3463 visino
483 3399 693 3463 remorabitur
715 3401 807 3463 obvia
828 3400 931 3464 Marte

208 3480 312 3544 Gallia
332 3504 392 3548 neo
413 3484 485 3548 latis
508 3484 609 3548 audax
630 3482 785 3566 Hispania
806 3486 899 3549 terris

526 3686 611 3737 Α

536 3776 637 3874 *r
