2302 3922
137 210 177 273 12
515 210 709 265 rnornnrn
1040 210 1096 282 [XL

242 374 358 440 Omnia
379 377 415 437 tu
436 375 564 436 nostrae
585 375 731 455 tempore
752 371 900 435 laetitiae.
1083 450 1087 457 ἰ

151 473 184 521 2⁵
200 457 261 523 Seu
282 458 383 520 tristis
405 457 531 519 veniam
554 477 609 518 seu
631 458 741 519 contra
763 456 864 518 laetus
887 455 1008 539 amicis,

243 540 326 616 Quid
349 540 403 603 uid
425 561 489 621 ero,
514 539 617 603 dicam
640 537 791 621 ‘Cynthia
813 559 907 602 causa
927 539 1012 603 fuit’

201 624 249 688 Tu
271 562 366 688 modo
388 644 483 705 quam
505 624 642 706 primum
664 626 828 705 corruptas
856 622 964 686 desere
986 622 1097 691 Baias:

243 708 354 771 Multis
376 707 438 770 ista
460 708 579 770 dabant
601 707 712 770 littora
733 705 909 788 discidium,

200 791 333 873 Littera,
356 812 436 875 quae
457 792 585 853 fuerant
607 790 700 853 castis
723 789 853 852 inimica
874 788 999 872 puellis,

152 888 186 937 30
242 877 272 938 A
295 879 427 958 pereant
448 874 555 956 Baiae,
579 874 698 936 crimen
720 873 846 955 amoris,
870 876 983 956 aquae!

542 1002 693 1011 ...—

575 1086 654 1160 ΧΠ.

203 1209 285 1285 Quid
307 1210 387 1274 mihi
408 1209 546 1274 desidiae
568 1230 635 1281 nou
657 1230 761 1272 cessas
782 1209 902 1293 fingere
925 1209 1058 1293 crimen,

245 1294 337 1369 Quod
358 1294 457 1356 faciat
477 1293 570 1357 nobis
593 1291 732 1374 Cynthia
754 1313 860 1356 amore
882 1292 1027 1356 moram?

141 1406 148 1419 ·
203 1376 282 1441 Tam
303 1378 403 1440 multa
424 1377 480 1439 illa
501 1398 572 1440 meo
595 1376 726 1440 divisast
747 1376 836 1439 milia
857 1376 949 1457 lect0,

246 1459 406 1534 Quantum
428 1459 572 1542 Hypanis
594 1458 718 1523 Veneto
741 1460 873 1524 dissidet
892 1459 1045 1543 Eridane,

176 1542 274 1608 tNec
296 1542 376 1606 mihi
397 1546 566 1606 consuetos
589 1545 737 1626 amplexu
758 1544 860 1606 nutrit
881 1564 1003 1608 amores

247 1625 386 1708 Cynthia
407 1645 466 1689 nec
487 1629 597 1688 nostra
618 1626 718 1689 dulcis
741 1627 775 1690 in
797 1648 871 1690 aure
894 1629 995 1691 sonat.

205 1710 292 1775 Olim
313 1712 422 1793 gratus
444 1730 545 1772 eram:
569 1731 635 1773 non
656 1710 712 1772 illo
734 1713 877 1794 tempore
900 1711 1046 1794 cuiquam

247 1792 402 1877 Contigit,
419 1794 460 1856 ut
481 1793 577 1855 simili
598 1796 707 1876 posset
727 1815 832 1858 amare
853 1794 923 1858 fide.

204 1876 345 1941 Invidiae
366 1877 499 1940 fuimus:
527 1899 605 1940 num
626 1899 677 1940 me
699 1877 775 1941 deus
798 1879 925 1943 obruit?
954 1899 996 1942 an
1017 1900 1099 1962 quae

159 1975 189 2023 10
246 1961 343 2026 Lecta
364 1960 562 2025 Prometheis
585 1960 698 2025 dividit
719 1961 818 2025 herba
839 1961 945 2046 iugis?

203 2044 279 2110 Non
294 2068 364 2110 sum
379 2067 438 2130 ego
453 2045 507 2129 qui
521 2046 655 2109 fueram:
671 2048 773 2109 mutat
786 2047 838 2109 via
851 2046 951 2130 longa
964 2046 1098 2128 puellas.

246 2129 391 2206 Quantus
412 2131 448 2193 in
469 2130 584 2214 exiguo
605 2133 748 2213 tempore
770 2131 854 2214 fugit
875 2132 977 2193 amor!

204 2213 298 2278 Nunc
319 2214 456 2298 primum
477 2214 591 2298 longas
613 2214 699 2278 solus
721 2234 913 2298 cognoscere
933 2217 1045 2277 noctes

248 2298 353 2383 (logor
374 2302 406 2362 et
427 2299 495 2380 ipse
517 2298 596 2361 meis
619 2298 746 2361 auribus
769 2319 837 2361 esse
899 2297 976 2361 avis.

156 2394 188 2442 15
202 2381 302 2464 Felix,
325 2381 379 2465 qui
400 2382 505 2464 potuit
525 2382 684 2464 praesenti
705 2381 780 2445 flere
800 2403 862 2464 pue
876 2382 939 2444 lae:

246 2464 320 2530 Non
343 2463 426 2527 nihil
468 2462 604 2547 aspersis
626 2464 743 2546 gaudet
764 2465 866 2528 Amor
886 2464 1039 2549 lacrimis3

204 2549 271 2611 Aut
292 2549 319 2610 si
342 2548 507 2631 despectus
529 2548 635 2631 potuit
654 2551 777 2613 mutare
799 2549 935 2612 calores:

247 2630 328 2695 Sunt
348 2651 472 2714 quoque
492 2632 649 2695 translato
669 2632 786 2715 gandia
807 2632 945 2695 servitio,

204 2714 251 2777 Mi
265 2735 367 2796 neque
388 2735 493 2777 amare
513 2714 609 2778 aliam
623 2736 725 2797 neque
740 2715 780 2776 ab
799 2713 859 2776 hac
877 2713 1027 2777 desistere
1047 2715 1099 2781 fas

153 2894 188 2945 20
245 2878 384 2964 Cynthia
404 2881 507 2963 prima
527 2882 597 2963 fuit,
621 2818 852 2962 Cynthidsfiiris
875 2878 944 2941 erit.

568 3094 666 3167 XIH.

203 3217 262 3299 Tu,
285 3216 367 3299 quod
390 3236 482 3299 saepe
504 3216 596 3298 soles,
619 3219 729 3280 nostro
752 3216 908 3281 laetabere
930 3238 1013 3300 casu,

248 3300 348 3382 Galle,
371 3299 456 3384 quod
478 3298 608 3382 abrepto
631 3300 717 3364 solus
740 3322 846 3364 amore
867 3322 986 3365 vacem.

203 3386 251 3448 At
271 3406 338 3449 non
358 3384 427 3467 ipse
447 3387 518 3446 tuas
540 3383 698 3466 imitabor,
720 3384 848 3467 perfide,
871 3405 979 3448 voces:

246 3467 370 3533 Fallere
391 3470 423 3532 te
443 3489 626 3550 numquam,
649 3467 749 3552 Galle,
771 3469 878 3552 puella
898 3468 984 3532 velit.

775 3812 879 3890 ,N
