2302 3922
77 185 120 248 aa
317 180 508 281 οιίιιιιι
531 137 844 243 cannatina.
899 168 905 175 '

498 330 659 408 Lxxlv.'

166 434 291 528 Gellius
313 463 453 525 audierat
472 470 614 543 patruum
634 463 797 540 obiurgare
819 461 948 541 solere,

203 552 257 629 Siq
258 551 307 609 uia
329 547 456 608 delicias
478 546 599 607 diceret
620 553 672 607 aut
693 547 821 606 iaceret

162 572 257 696 Hoc(l
248 653 289 693 nc
310 634 370 713 ipai
391 630 566 709 accideret,
588 631 692 710 patrui
712 628 924 709 perdepsuit
914 649 1011 709 ipsam

204 720 339 779 Uxorem
361 722 394 776 ct
411 722 554 794 patruum
573 712 712 776 reddidit
726 713 966 814 Harpocratem.

126 816 142 868 5
154 801 253 890 Quod
274 800 372 861 voluit
392 800 485 859 fecit:
506 818 592 876 nam,
609 798 751 876 quamvis
771 798 935 857 inrumet
926 815 1024 879 ipsum

201 886 289 946 Nunc
309 892 470 966 patruum,
492 883 618 943 verbum
638 900 701 940 non
722 880 817 941 faciet
838 888 973 960 patruus.
1064 946 1066 951 .

478 1009 677 1020 ..--ι--

505 1075 644 1141 LXXV.

164 1167 235 1261 Huc
258 1208 305 1260 cet
326 1218 413 1259 mena
436 1197 569 1259 deducta
588 1206 660 1275 tua,
683 1217 750 1257 mea
767 1197 895 1273 Lesbia,
918 1195 1023 1296 culpa,

206 1287 309 1385 Atque
329 1285 374 1342 ita
394 1301 429 1341 ac
451 1283 564 1343 officio
575 1241 745 1361 perdidit
735 1300 801 1361 rpaa
822 1287 896 1357 auo,

163 1370 236 1430 Ut'
227 1387 287 1427 ram
309 1385 367 1426 nec
387 1367 468 1426 bene
488 1364 572 1425 velle
596 1373 688 1444 queat
708 1366 782 1442 tibi,
804 1364 831 1424 si
851 1365 966 1443 optima
985 1365 1056 1443 tias,

203 1453 267 1512 Noc
287 1449 440 1510 desistere
462 1458 580 1526 amare,
601 1449 701 1507 omnia
722 1450 749 1506 ai
767 1449 870 1509 facias.

503 1641 660 1708 LXXVI.

167 1734 266 1846 Siqua
287 1766 466 1827 recordanti
488 1767 651 1826 benefacta
671 1767 777 1853 priora
798 1763 937 1866 vqluptaa

202 1853 259 1911 Eat
278 1853 414 1927 homini,
436 1870 504 1910 cnm
524 1870 559 1911 ac
581 1852 695 1929 cogitat
714 1867 783 1908 esse
803 1846 903 1928 pium,

165 1937 230 1996 Nec
253 1943 387 1996 sanctam
407 1932 538 1997 violasse
559 1935 670 2013 fidem,
688 1953 747 1993 nec
768 1932 898 1994 foedere
916 1936 949 1993 in
969 1933 1034 1995 ullo

206 2019 314 2080 Divum
336 2020 374 2081 ad
395 2017 552 2080 fallendos
572 2020 697 2080 numine
719 2019 844 2078 abusum
847 2019 1021 2095 homines,

129 2116 146 2166 5
166 2103 266 2164 Multa
285 2111 392 2184 parata
413 2111 539 2163 manent
557 2106 589 2163 in
612 2102 704 2203 lqnga
726 2109 845 2178 aetate,
868 2101 1006 2179 Catulle,

206 2188 253 2248 Ex
273 2188 333 2248 hoc
354 2190 475 2268 ingrato
497 2173 644 2265 gaudia
628 2206 730 2248 amore
752 2187 819 2248 tibi.

166 2272 241 2332 Nam
264 2291 464 2353 quaecunque
483 2273 623 2333 hominen
642 2275 723 2333 bene
746 2273 885 2350 cuiquam
907 2276 958 2330 aut
977 2269 1098 2330 dicere·

667 2364 773 2418 osaunt

206 2442 270 2500 Aut
290 2441 412 2517 iacere,
433 2442 511 2500 haec
533 2460 551 2498 a
571 2445 603 2498 tc
626 2377 769 2519 dlictaque
789 2439 932 2517 factaque
954 2444 1040 2515 aunt,

168 2524 285 2597 Omnia¹
297 2542 375 2603 quae
395 2526 534 2602 ingratae
555 2522 858 2602 perieruntcredita
876 2521 980 2582 menti.

115 2616 150 2668 lt)
210 2607 311 2682 Quare
331 2609 390 2667 iam
410 2614 443 2667 tc
465 2626 520 2666 cur
543 2605 672 2686 amplius
694 2606 873 2666 excrucies?

169 2690 248 2765 Quin
270 2697 304 2749 tu
325 2692 424 2750 animo
446 2691 580 2750 affirmas
600 2695 695 2770 teque
717 2691 810 2750 iatinc
830 2709 928 2768 usque
950 2689 1083 2766 reducis,

208 2774 250 2833 Et
271 2773 337 2833 dcis
359 2776 463 2834 invitia
484 2774 599 2834 deainia
621 2792 690 2834 ease
710 2774 827 2834 miser?

115 2915 119 2924 ,
169 2857 304 2917 Difficile
326 2864 374 2918 eat
393 2856 518 2936 longum
541 2856 641 2918 cubito
664 2857 822 2938 deponere
844 2876 986 2918 amorem.

209 2940 346 3001 Difficile
368 2948 432 3021 cat,
451 2960 557 3002 verum
574 2943 634 3002 hoc
656 2963 716 3021 qua
733 2939 823 3002 lubet
843 2941 974 3001 efficiar:

117 3034 151 3086 15
173 3025 240 3085 Una
261 3024 342 3086 salua
361 3027 438 3087 haec
459 3032 522 3104 eat,
542 3026 602 3087 hoc
622 3035 670 3086 eat
690 3027 749 3086 tihi
768 3024 1023 3105 pervincendum:

211 3109 280 3169 Hoc
297 3110 408 3190 faciae,
429 3111 493 3173 aive
512 3109 545 3169 id
565 3130 628 3169 non
645 3118 720 3191 pote
742 3111 805 3170 aive
826 3115 909 3190 pote.
974 3139 977 3147 =

170 3193 198 3252 t)
220 3192 281 3271 dii,
309 3197 492 3257 aiveatrum
513 3196 738 3272 ammiserant,
768 3199 820 3253 aut
846 3194 873 3253 ai
898 3193 1007 3274 quibua
1027 3210 1084 3252 un·

541 3292 546 3307 ‘
648 3299 736 3358 qnam
920 3334 924 3340 .

212 3361 418 3425 Extremam'
408 3382 468 3424 ram
489 3363 556 3444 ipsa
575 3370 675 3424 morte
695 3360 810 3422 tulistis
832 3379 937 3441 opem,

170 3444 225 3505 Mc
243 3446 388 3508 miserum
409 3449 544 3524 aspicite
561 3447 626 3527 (et,
647 3449 674 3507 ai
694 3433 785 3507 vitam
805 3446 926 3527 puriter
947 3444 1012 3524 egi,
