2302 3922
93 204 134 270 50
463 214 654 268 raoraaru
950 214 1050 287 [xxx.

146 375 200 441 Sin
224 379 330 440 aulem
351 376 449 460 longo
471 397 533 439 nox
557 397 621 439 una
643 378 698 439 aut
718 376 818 440 altera
838 376 910 439 lusu

96 472 130 522 00
187 460 428 544 (1055015ρο550,
450 481 517 523 non
538 482 589 524 me
611 460 745 524 crimina
766 480 864 543 parva
886 462 1031 525 movent.

146 543 301 626 Tyndaris
324 547 453 606 externo
475 545 611 626 patriam
633 544 768 607 mutavit
788 564 894 607 amore

188 627 232 691 m
254 628 322 690 sine
345 627 472 690 decreto
495 629 566 692 viva
587 628 717 692 reducla
739 627 908 691 domumsi.

145 710 220 793 Ipsa
240 710 364 792 Venus,
388 712 531 793 quamvis
554 714 701 795 corrupta
722 710 853 775 libidine
874 709 1009 795 Mariis,

187 794 256 858 Nec
277 794 383 859 minus
405 796 440 858 in
462 795 549 859 caelo
572 816 697 878 semper
718 795 853 859 honesta
872 794 950 878 fuit,

97 891 130 940 05
146 877 297 954 Quamvis
319 877 377 941 Ida
397 879 503 962 palam
525 882 686 961 pastorem
708 878 792 942 dieat
814 899 935 942 amasse

187 963 291 1045 Atque
313 963 397 1025 inter
418 962 553 1044 pecudes
576 962 758 1027 accubuisse
781 961 881 1026 deam.

146 1045 217 1110 Hoc
240 1049 272 1110 el
292 1045 551 1128 Hamadryadum
573 1046 729 1129 spectavit
749 1046 843 1110 turba
864 1066 1014 1111 sororum

188 1129 350 1212 Silenique
372 1151 463 1193 senes
485 1132 517 1193 et
537 1134 627 1212 pater
648 1131 716 1212 ipse
739 1129 844 1213 chori,

146 1213 227 1278 (ium
248 1214 361 1297 quibus
383 1213 478 1277 Idaeo
501 1214 607 1298 legisti
628 1235 724 1296 poma
746 1213 804 1276 sub
826 1215 933 1296 antro,

97 1311 131 1359 40
187 1297 359 1380 Supposila
381 1298 541 1379 excipiens
563 1295 665 1362 Naica
686 1298 771 1362 dona
792 1318 897 1361 manu.

145 1383 198 1444 An
213 1383 381 1464 quisquam
394 1382 429 1444 in
450 1384 539 1444 tanto
563 1385 745 1465 stuprorum
759 1381 902 1445 examine
917 1382 1044 1464 quaerit

188 1465 272 1529 ‘Our
285 1463 364 1528 haec
378 1466 445 1527 lam
460 1464 570 1528 dives?
593 1466 663 1547 quis
684 1465 790 1529 dedii?
813 1464 897 1529 unde
912 1464 1042 1529 dedisr'
1058 1542 1061 1546 Α

146 1548 172 1611 0
195 1549 329 1611 nimium
351 1550 460 1609 nostro
483 1548 608 1612 felicem
628 1551 771 1632 tempore
792 1547 943 1632 Romam,

187 1631 222 1695 Si
244 1634 355 1694 contra
377 1652 481 1693 mores
503 1652 568 1693 una
588 1633 694 1715 puella
715 1632 806 1697 facit!

95 1729 128 1777 45
142 1714 232 1779 Η550
254 1713 363 1778 eadem
386 1718 459 1778 ante
481 1714 569 1777 illam
591 1716 711 1797 inpune
739 1719 771 1780 el
791 1715 905 1780 Lesbia
925 1715 1020 1782 feeitr

188 1798 275 1875 Quae
297 1799 452 1881 sequitur,
475 1801 591 1862 cerlest
611 1799 768 1863 invidiosa
789 1800 904 1864 minus.

145 1882 206 1959 Qui
229 1882 352 1966 quaerit
372 1882 479 1947 Latias
501 1886 622 1947 veleres
645 1883 800 1967 durasque
822 1882 971 1967 Sabinas,

186 1966 248 2032 Hic
269 1967 377 2051 posuit
397 1969 507 2030 nostra
527 1988 629 2051 nuper
650 1968 684 2031 in
706 1969 783 2033 urbe
804 1968 925 2051 pedem.

145 2052 193 2116 Tu
214 2051 302 2134 prius
324 2054 357 2115 el
376 2051 490 2115 fluctus
512 2052 631 2135 poteris
653 2053 770 2116 siccare
792 2052 932 2115 marinos

95 2149 128 2197 50
184 2137 324 2218 Altaque
345 2135 473 2198 mortali
494 2135 635 2218 deripere
658 2138 744 2199 astra
765 2158 877 2219 manu,

145 2218 247 2295 Quam
268 2221 387 2302 facere,
409 2222 446 2281 ut
466 2222 594 2283 nostrae
615 2220 720 2283 nolint
745 2241 875 2302 peccare
896 2219 1041 2303 puellae:

185 2303 248 2367 Hic
270 2325 338 2367 mos
361 2302 495 2367 Saturno
517 2324 618 2386 regna
638 2305 768 2367 tenente
788 2303 858 2368 fuit.

144 2388 189 2451 Ar
211 2409 282 2452 cum
303 2386 509 2450 Deucalionis
531 2408 630 2469 aquae
652 2387 770 2451 fluxere
791 2409 848 2471 per
870 2387 995 2469 orbem,

186 2469 230 2534 m
251 2473 325 2554 posi
346 2470 469 2552 antiqui
490 2468 696 2534 Deucalionis
718 2492 829 2555 aquae,

95 2569 127 2617 55
142 2553 203 2618 Dic
225 2555 318 2635 mihi,
341 2555 411 2637 quis
433 2553 538 2636 poluit
558 2555 676 2618 lectun-
698 2576 821 2620 servare
842 2553 1010 2638 pudicum,

186 2638 273 2714 Quae
295 2638 353 2701 dea
375 2659 446 2702 cum
468 2637 536 2700 solo
559 2639 664 2703 vivere
687 2639 754 2702 sola
776 2639 857 2703 deo?

142 2720 283 2786 onrem
304 2721 462 2804 quondam
486 2723 595 2818 magni
616 2721 749 2804 Minois,
772 2725 808 2785 ul
826 2722 933 2803 aiunl,

186 2803 336 2887 Corrupit
356 2805 440 2868 torvi
462 2805 595 2869 cand1da
615 2806 720 2869 forma
744 2805 842 2868 bovis.

143 2888 212 2953 Neo
233 2888 338 2951 minus
361 2890 467 2951 aerato
489 2886 598 2952 Danae
621 2887 813 2953 circumdala
833 2910 924 2953 muro

94 2986 127 3035 eo
184 2970 260 3037 Non
281 2972 387 3055 poluit
408 2992 525 3056 magno
548 2976 635 3037 casta
656 2993 773 3057 negare
794 2971 873 3037 Iovi.

144 3055 235 3132 Quod
257 3056 284 3120 si
305 3059 341 3120 lu
363 3056 475 3121 Graias
497 3077 671 3139 aequesque
693 3056 819 3121 imitata
840 3057 985 3141 Latinas,

186 3140 316 3224 Semper
338 3141 407 3206 vive
429 3160 500 3205 meo
523 3141 622 3203 libera
644 3140 770 3206 iudicio.

387 3240 726 3373 nari—plilium.

143 3393 261 3457 Tristia
282 3394 346 3457 iam
367 3395 501 3459 redeunt
521 3395 636 3458 iterum
658 3396 825 3461 sollemnia
845 3395 953 3460 nobis:

186 3475 324 3558 Cynthia
345 3478 408 3543 iam
430 3482 540 3544 noctes
562 3483 610 3544 esi
631 3483 762 3564 operata
783 3481 900 3545 decem.
