2302 3922
80 207 152 276 unu¹
477 157 585 251 rinna
605 196 654 251 111.

120 356 309 420 Daedalium
329 355 396 438 lino
420 377 491 420 cum
514 355 592 419 duce
614 355 696 419 rexit
717 355 793 438 iter,

80 439 204 514 Quanta
226 461 285 524 ego
307 440 477 523 praeterita
501 439 581 502 colle
605 438 616 500 i
637 438 754 522 gaudia
775 440 885 503 nocte:

121 523 303 586 inmortalis
326 544 395 605 ero,
419 523 447 585 si
469 522 567 585 altera
582 460 661 584 dalis
684 522 752 585 erit.
1006 532 1039 581 10

80 605 126 669 At
147 605 221 669 dum
243 606 388 669 demissis
411 606 543 688 supplex
565 604 738 668 cervicibus
760 604 862 687 ibam,

122 687 258 752 Dicebar
281 689 365 754 sicco
387 688 481 751 vilior
503 708 571 751 esse
593 687 671 771 lacu.

80 771 150 836 Nec
171 771 250 834 mihi
272 772 335 835 iam
356 771 458 835 fastus
481 791 641 853 opponere
664 770 786 853 quaerit
806 769 948 853 iniquos,

122 854 191 919 Nec
212 854 291 917 mihi
312 855 451 937 ploranti
473 854 559 917 lenta
580 853 688 917 sedere
710 855 826 936 potest.

81 937 187 1020 Atque
209 938 332 1001 utinam
353 958 419 1000 non
440 941 506 1001 tam
529 957 598 1000 sero
620 936 700 999 mihi
721 939 799 999 nota
819 936 933 999 fuisset
1006 945 1039 997 15

126 1021 292 1086 Condicio!
317 1021 415 1085 cineri
436 1041 521 1083 nunc
543 1019 700 1084 medicina
723 1019 823 1082 datur.

82 1106 167 1168 Ante
188 1104 284 1188 pedes
308 1104 409 1167 caecis
430 1103 556 1166 lucebat
577 1104 690 1166 semita
710 1103 820 1166 nobis:

126 1187 254 1252 Scilicet
274 1188 387 1250 insano
408 1207 502 1251 nemo
525 1187 560 1248 in
581 1206 688 1249 amore
709 1184 804 1249 videt.

83 1270 155 1335 Hoc
178 1272 263 1335 sensi
284 1271 433 1355 prodesse
455 1270 571 1353 magis:
595 1269 803 1350 contemnite,
826 1270 984 1332 amantes:

127 1356 179 1419 Sic
200 1353 294 1418 hodie
316 1355 435 1436 veniet,
459 1353 549 1435 siqua
569 1346 699 1436 negauit
719 1351 797 1415 heri.
1008 1363 1042 1413 20

83 1438 260 1504 Pulsabant
282 1439 336 1501 alii
357 1439 475 1501 frustra
497 1435 717 1518 dominamque
739 1435 909 1499 vocabant:

126 1522 252 1586 Mecum
274 1521 385 1585 habuit
405 1521 543 1604 positum
568 1520 656 1582 lenta
676 1519 783 1601 puella
805 1520 908 1601 caput.

84 1606 173 1670 Haec
195 1606 273 1669 mihi
295 1604 426 1669 devictis
448 1605 554 1688 potior
574 1603 709 1667 victoria
730 1602 871 1685 Parthis,

127 1689 215 1752 Haec
230 1689 346 1772 spolia,
368 1687 447 1752 haec
465 1709 570 1773 reges,
593 1686 672 1750 haec
686 1684 766 1749 mihi
781 1707 890 1749 currus
906 1686 1006 1749 erunt.

85 1772 205 1856 Magna
227 1793 285 1855 ego
309 1772 393 1834 dona
413 1776 467 1836 tua
487 1773 594 1856 figam,
618 1769 784 1853 Cytherea,
810 1770 967 1853 columna,
1010 1777 1042 1829 25

128 1857 266 1938 Taleque
288 1856 346 1918 sub
368 1859 478 1919 nostro
500 1855 629 1918 nomine
651 1875 779 1917 carmen
800 1853 874 1917 erit:

88 1938 170 2002 ‘Has
191 1959 277 2020 pono
300 1942 373 2002 ante
395 1942 465 2002 tuas
487 1938 555 2020 tibi,
578 1938 659 2021 diva,
682 1937 865 2020 Propertius
888 1936 981 2001 aedes

127 2021 275 2105 Exuvias
299 2026 368 2085 tota
388 2025 481 2086 nocte
503 2023 647 2104 receptus
670 2027 802 2085 amans!

85 2105 181 2171 Nunc
203 2106 243 2169 ad
264 2110 305 2189 te,
328 2127 400 2169 mea
421 2106 484 2188 lux,
508 2105 616 2168 veniat
636 2125 707 2168 mea
729 2105 837 2168 littore
858 2102 949 2167 navis

130 2190 271 2255 Servata:
295 2212 337 2252 an
358 2189 469 2253 mediis
494 2187 577 2251 sidat
597 2187 736 2251 honusta
756 2186 868 2252 vadis?
1010 2199 1045 2250 80

88 2273 179 2349 Quod
202 2275 229 2336 si
250 2273 333 2335 sorte
355 2272 459 2354 aliqua
480 2271 572 2334 nobis
594 2271 756 2335 mutabere
779 2270 890 2356 culpa,

129 2355 330 2421 Vestibulum
352 2356 472 2419 iaceam
495 2357 639 2418 mortuus
662 2358 736 2418 ante
757 2357 857 2418 tuum.

490 2485 637 2495 ——·--—-—

464 2567 532 2639 vu
560 2568 668 2660 [XVJ.

88 2688 115 2754 Ο
138 2711 188 2753 me
210 2689 348 2753 felicem!
374 2711 393 2754 o
415 2710 480 2753 nox
501 2690 581 2754 mihi
603 2688 745 2772 candida,
768 2692 801 2752 et
822 2708 840 2752 o
861 2694 898 2752 tu

13 2808 19 2815 ·
129 2773 257 2838 Lectule
280 2773 400 2837 deliciis
422 2773 507 2838 facte
529 2775 620 2838 beate
641 2774 737 2838 meis!

89 2855 190 2931 Quam
210 2858 311 2920 multa
332 2857 478 2941 adposita
499 2880 663 2923 narramus
685 2856 781 2921 verba
802 2856 945 2939 lucerna,

130 2939 314 3023 Quantaque
337 2942 461 3005 sublato
484 2943 603 3007 lumine
624 2943 692 3005 rixa
713 2940 788 3004 fuit!

87 3022 175 3087 Nam
192 3024 286 3087 modo
309 3025 435 3090 nudatis
456 3028 612 3090 mecumst
633 3025 754 3088 luctata
774 3022 922 3106 papillis,
1028 3028 1044 3084 ὅ

129 3106 293 3170 Interdum
315 3109 423 3172 tunica
445 3111 534 3173 duxit
555 3112 665 3192 operta
686 3128 817 3172 moram.

88 3188 149 3254 Illa
170 3212 258 3256 meos
281 3213 392 3255 somno
415 3193 521 3276 lapsos
544 3193 694 3277 patefecit
716 3191 834 3254 ocellos

132 3273 194 3338 Ore
217 3295 273 3338 suo
296 3281 328 3339 et
350 3275 430 3338 dixit
452 3277 577 3359 ‘sicine
600 3277 694 3352 lente,
717 3272 842 3337 iaces?'

90 3357 191 3434 Quam
213 3360 299 3423 vario
323 3361 468 3443 amplexu
490 3363 647 3423 mutamus
668 3354 812 3420 brachia!
836 3356 988 3438 quantum

131 3443 248 3509 Oscula
270 3447 344 3508 sunt
365 3444 462 3508 labris
484 3447 595 3508 nostra
615 3444 739 3505 morata
760 3441 837 3505 tuis!
1012 3451 1045 3500 10
