2302 3922
93 211 169 280 llll]
482 210 589 264 LIBER
610 211 672 266 ΗΠ.

93 370 172 434 Τ616
192 370 316 454 fugacis
340 371 413 454 equi
436 373 469 434 61
489 371 611 435 bracati
632 370 744 434 militis
766 389 856 434 arcus

135 454 179 518 111
200 454 308 518 subter
330 458 441 538 captos
464 475 554 518 arma
575 454 684 518 sedere
706 454 810 518 duces.

93 537 168 621 Ipsa
181 540 269 601 16616
285 559 375 602 serva
389 539 527 621 prolem,
543 537 667 603 Venus:
690 536 753 602 hoc
768 538 810 601 sii
823 537 859 600 in
873 557 1000 620 aevum,

136 620 247 686 Cernis
270 621 310 684 ab
332 622 445 685 Aenea
467 622 552 706 quod
573 641 737 705 superesse
759 624 863 704 caput.
1022 631 1057 682 ao

93 705 216 769 Praeda
238 704 280 768 sii
300 705 380 769 haec
401 706 482 788 illis,
506 727 639 789 quorum
660 726 802 769 meruere
823 704 964 768 labores:

136 787 189 852 Me
211 789 343 852 saleriis
365 788 461 853 Sacra
481 789 632 874 plaudere
653 809 747 873 posse
768 786 839 852 Via.

490 1002 561 1074 uu
588 1002 659 1094 [1].

95 1123 186 1187 Pacis
208 1123 310 1187 Amor
332 1123 409 1187 deus
432 1125 489 1206 est,
512 1145 623 1206 pacem
649 1143 837 1187 veneramur
860 1124 1012 1186 amanies.

138 1206 232 1271 Siani
253 1206 333 1270 mihi
354 1226 427 1270 cum
450 1206 579 1270 domina
600 1205 722 1290 proelia
746 1206 824 1269 dura
844 1227 930 1270 mea:

95 1289 166 1356 Nec
187 1293 297 1353 tamen
318 1290 422 1353 inviso
444 1293 556 1372 pectus
578 1288 657 1353 mihi
679 1290 818 1373 carpitur
840 1309 930 1372 auro,

137 1372 207 1438 Nee
228 1374 310 1437 bibit
332 1395 349 1437 e
370 1395 497 1458 gemma
519 1373 747 1438 6161666666
768 1373 854 1456 silis,

95 1456 164 1522 Nec
185 1455 265 1521 mihi
286 1457 375 1521 mille
396 1457 481 1541 iugis
504 1455 680 1541 Campania
700 1457 829 1541 pinguis
852 1460 975 1540 araiur,
1041 1467 1058 1517 1

137 1539 169 1605 N
171 1561 207 1604 ec
228 1540 325 1605 miser
346 1562 419 1605 aera
440 1561 517 1624 paro
540 1541 645 1624 clade,
668 1539 838 1623 Corintho,
860 1543 925 1604 166.

96 1622 123 1688 Ο
145 1624 249 1707 prima
270 1624 381 1688 infelix
402 1625 538 1709 fingenii
558 1627 644 1690 16666
664 1623 872 1689 Prometheo!

137 1707 196 1772 1116
217 1730 330 1793 parum
352 1709 438 1773 cauti
458 1709 597 1792 pectoris
620 1709 687 1794 egit
708 1730 803 1792 opus:

97 1789 241 1875 Corpora
262 1792 435 1876 disponens
457 1796 598 1857 mentem
618 1812 685 1857 non
706 1793 787 1856 vidit
807 1792 842 1855 in
864 1795 940 1856 arte.

137 1875 238 1939 Recta
259 1877 358 1939 animi
379 1877 517 1958 primum
539 1876 648 1940 debuit
669 1897 738 1939 esse
759 1876 821 1939 via.
1026 1887 1059 1936 10

96 1958 192 2024 Nunc
213 1959 310 2021 maris
331 1959 367 2021 in
388 1961 514 2021 tanturn
534 1961 631 2022 66616
652 1959 823 2039 iaciamus,
846 1961 879 2021 61
899 1957 1024 2022 hostem

139 2041 326 2117 Quaerimus
333 2089 342 2124 ,
365 2044 459 2123 atque
482 2042 578 2105 armis
598 2042 757 2106 nectimus
779 2062 867 2104 arma
888 2061 980 2106 nova.

97 2124 186 2188 Haul
206 2125 287 2188 ullas
309 2125 452 2208 portabis
474 2146 550 2208 opes
572 2125 765 2188 Acherontis
787 2125 827 2187 ad
849 2123 965 2189 undas:

138 2208 252 2275 Nudus
274 2208 314 2271 ad
334 2209 490 2291 infernas,
514 2209 624 2291 616116,
647 2207 761 2272 vehere
781 2211 877 2272 rates.

96 2291 209 2356 Victor
230 2313 303 2357 curn
324 2293 417 2357 viciis
438 2293 558 2377 pariter
579 2292 763 2357 miscebitur
783 2291 920 2356 umbris:
1027 2305 1059 2356 1⁶

140 2375 279 2441 Consule
301 2397 373 2441 cum
394 2375 512 2458 Mario,
535 2380 627 2461 capte
648 2375 817 2462 Iugurtha,
840 2375 940 2440 sedes.

97 2459 204 2542 Lydus
226 2459 376 2524 Dulichio
398 2481 466 2524 non
487 2460 585 2525 distat
606 2460 742 2527 Croesus
765 2460 805 2524 ab
827 2459 896 2523 Iro:

140 2541 270 2626 Optima
291 2565 392 2625 mors,
414 2543 534 2608 Parcae
556 2566 636 2628 quae
658 2545 747 2609 ienii
767 2548 839 2607 6616
861 2542 921 2607 die.

97 2626 151 2691 Me
171 2627 260 2690 iuvat
279 2627 314 2691 in
334 2628 440 2710 prima
461 2628 597 2693 coluisse
617 2628 774 2692 Helicona
796 2628 925 2690 iuventa

139 2709 366 2796 Musarumque
388 2710 494 2777 choris
515 2712 700 2795 inplicuisse
720 2732 852 2775 manus:
1027 2723 1061 2774 20

97 2793 150 2858 Me
169 2794 258 2858 iuval
279 2798 311 2860 61
332 2796 435 2860 multo
457 2798 597 2860 mentem
619 2795 738 2859 vincire
760 2795 865 2878 Lyaeo

139 2877 184 2942 111
206 2899 241 2943 66
263 2883 300 2943 61
320 2880 356 2944 in
377 2901 476 2944 verna
500 2901 624 2963 semper
645 2877 761 2943 habere
782 2900 864 2943 rosa.
1115 2938 1120 2947 .

98 2963 204 3045 Atque
226 2902 281 3031 uli
302 2964 367 3028 iam
381 2963 540 3028 Venerem
561 2963 668 3048 gravis
689 2963 894 3046 inierceperii
914 2965 1017 3046 aetas,
1102 2985 1104 2989 ·

141 3045 300 3128 sparseris
322 3052 355 3111 61
374 3049 483 3132 nigras
506 3048 579 3111 alba
600 3050 726 3112 senecta
749 3068 870 3128 comas,

98 3127 180 3192 Tum
201 3127 281 3192 mihi
302 3133 434 3194 naturae
455 3132 553 3196 libeat
573 3131 751 3215 perdiscere
772 3151 894 3210 mores,
1026 3141 1060 3192 25

141 3211 219 3287 Quis
242 3211 318 3276 deus
340 3211 423 3277 hanc
444 3215 555 3278 mundi
575 3214 732 3298 temperes¹
752 3216 819 3277 arte
842 3213 986 3298 domum,

100 3295 169 3371 Qua
190 3296 278 3359 venii
300 3296 458 3378 exoriens,
481 3318 543 3379 qua
564 3298 685 3379 deficit,
711 3295 795 3360 unde
817 3296 935 3360 cocciis

143 3377 300 3446 Cornibus
322 3381 357 3443 in
378 3381 508 3464 plenum
528 3383 691 3444 mensiuua
712 3380 789 3443 luna
809 3379 909 3462 redii,

101 3461 193 3528 Vnde
216 3463 282 3527 salo
306 3467 457 3548 superant
477 3463 565 3528 venii
571 3510 582 3548 ,
605 3461 681 3546 quid
702 3462 829 3528 flamine
852 3466 958 3547 captet

895 3564 909 3594 U

874 3568 889 3618 5
