<?xml version="1.0" encoding="UTF-8"?>
<!DOCTYPE html PUBLIC "-//W3C//DTD XHTML 1.0 Transitional//EN"
    "http://www.w3.org/TR/xhtml1/DTD/xhtml1-transitional.dtd">
<html xmlns="http://www.w3.org/1999/xhtml" xml:lang="en" lang="en">
 <head>
  <title>
</title>
<meta http-equiv="Content-Type" content="text/html;charset=utf-8" />
  <meta name='ocr-system' content='tesseract 3.04.00' />
  <meta name='ocr-capabilities' content='ocr_page ocr_carea ocr_par ocr_line ocrx_word'/>
</head>
<body>
  <div class='ocr_page' id='page_1' title='image "./qvaleriicatulli00catugoog_0174.png"; bbox 0 0 2302 3922; ppageno 0'>
   <div class='ocr_carea' id='block_1_1' title="bbox 96 216 639 287">
    <p class='ocr_par' dir='ltr' id='par_1_1' title="bbox 96 216 639 287">
     <span class='ocr_line' id='line_1_1' title="bbox 96 216 639 287; baseline 0 -14"><span class='ocrx_word' id='word_1_1' title='bbox 96 216 159 287; x_wconf 82' lang='lat' dir='ltr'>ln]</span> <span class='ocrx_word' id='word_1_2' title='bbox 488 217 596 271; x_wconf 76' lang='lat' dir='ltr'>amaa</span> <span class='ocrx_word' id='word_1_3' title='bbox 617 218 639 273; x_wconf 89' lang='lat'>1.</span> 
     </span>
    </p>
   </div>
   <div class='ocr_carea' id='block_1_2' title="bbox 64 376 1057 1365">
    <p class='ocr_par' dir='ltr' id='par_1_2' title="bbox 64 376 1057 1365">
     <span class='ocr_line' id='line_1_2' title="bbox 97 376 856 462; baseline 0 -19"><span class='ocrx_word' id='word_1_4' title='bbox 97 376 161 443; x_wconf 83' lang='lat' dir='ltr'>Sed</span> <span class='ocrx_word' id='word_1_5' title='bbox 182 377 279 442; x_wconf 89' lang='lat' dir='ltr'>facies</span> <span class='ocrx_word' id='word_1_6' title='bbox 302 377 410 441; x_wconf 88' lang='lat' dir='ltr'>aderat</span> <span class='ocrx_word' id='word_1_7' title='bbox 430 377 527 441; x_wconf 89' lang='lat' dir='ltr'>nullis</span> <span class='ocrx_word' id='word_1_8' title='bbox 550 378 688 442; x_wconf 86' lang='lat' dir='ltr'>obnoxia</span> <span class='ocrx_word' id='word_1_9' title='bbox 712 379 856 462; x_wconf 84' lang='lat' dir='ltr'>gemmis,</span> 
     </span>
     <span class='ocr_line' id='line_1_3' title="bbox 140 460 796 545; baseline 0.005 -21"><span class='ocrx_word' id='word_1_10' title='bbox 140 460 250 537; x_wconf 81' lang='lat' dir='ltr'>Qualis</span> <span class='ocrx_word' id='word_1_11' title='bbox 272 461 415 545; x_wconf 82' lang='lat' dir='ltr'>Apelleis</span> <span class='ocrx_word' id='word_1_12' title='bbox 437 464 486 525; x_wconf 92' lang='lat' dir='ltr'>est</span> <span class='ocrx_word' id='word_1_13' title='bbox 508 462 594 525; x_wconf 88' lang='lat' dir='ltr'>color</span> <span class='ocrx_word' id='word_1_14' title='bbox 615 461 650 524; x_wconf 91' lang='lat' dir='ltr'>in</span> <span class='ocrx_word' id='word_1_15' title='bbox 670 463 796 527; x_wconf 86' lang='lat' dir='ltr'>tabulis.</span> 
     </span>
     <span class='ocr_line' id='line_1_4' title="bbox 95 544 932 628; baseline -0.004 -15"><span class='ocrx_word' id='word_1_16' title='bbox 95 544 175 613; x_wconf 86' lang='lat' dir='ltr'>Non</span> <span class='ocrx_word' id='word_1_17' title='bbox 194 545 259 608; x_wconf 89' lang='lat' dir='ltr'>illis</span> <span class='ocrx_word' id='word_1_18' title='bbox 282 545 422 609; x_wconf 91' lang='lat' dir='ltr'>studium</span> <span class='ocrx_word' id='word_1_19' title='bbox 443 545 541 628; x_wconf 85' lang='lat' dir='ltr'>volgo</span> <span class='ocrx_word' id='word_1_20' title='bbox 564 547 749 627; x_wconf 84' lang='lat' dir='ltr'>conquirere</span> <span class='ocrx_word' id='word_1_21' title='bbox 772 548 932 611; x_wconf 88' lang='lat' dir='ltr'>amantes:</span> 
     </span>
     <span class='ocr_line' id='line_1_5' title="bbox 138 627 749 712; baseline 0 -19"><span class='ocrx_word' id='word_1_22' title='bbox 138 627 209 693; x_wconf 87' lang='lat' dir='ltr'>lllis</span> <span class='ocrx_word' id='word_1_23' title='bbox 232 629 339 712; x_wconf 88' lang='lat' dir='ltr'>ampla</span> <span class='ocrx_word' id='word_1_24' title='bbox 361 629 438 692; x_wconf 90' lang='lat' dir='ltr'>satis</span> <span class='ocrx_word' id='word_1_25' title='bbox 459 629 565 692; x_wconf 88' lang='lat' dir='ltr'>forma</span> <span class='ocrx_word' id='word_1_26' title='bbox 585 629 749 712; x_wconf 76' lang='lat' dir='ltr'>pudicitia.</span> 
     </span>
     <span class='ocr_line' id='line_1_6' title="bbox 95 710 1057 797; baseline -0.001 -19"><span class='ocrx_word' id='word_1_27' title='bbox 95 710 173 778; x_wconf 89' lang='lat' dir='ltr'>Non</span> <span class='ocrx_word' id='word_1_28' title='bbox 194 733 254 797; x_wconf 84' lang='lat' dir='ltr'>ego</span> <span class='ocrx_word' id='word_1_29' title='bbox 276 734 362 776; x_wconf 91' lang='lat' dir='ltr'>nunc</span> <span class='ocrx_word' id='word_1_30' title='bbox 383 733 503 794; x_wconf 85' lang='lat' dir='ltr'>vereor,</span> <span class='ocrx_word' id='word_1_31' title='bbox 525 733 566 776; x_wconf 90' lang='lat' dir='ltr'>ne</span> <span class='ocrx_word' id='word_1_32' title='bbox 588 713 649 775; x_wconf 90' lang='lat' dir='ltr'>sim</span> <span class='ocrx_word' id='word_1_33' title='bbox 670 713 730 776; x_wconf 90' lang='lat' dir='ltr'>tibi</span> <span class='ocrx_word' id='word_1_34' title='bbox 752 713 845 777; x_wconf 84' lang='lat' dir='ltr'>vilior</span> <span class='ocrx_word' id='word_1_35' title='bbox 865 713 952 778; x_wconf 88' lang='lat' dir='ltr'>istis:</span> <span class='ocrx_word' id='word_1_36' title='bbox 1024 726 1057 777; x_wconf 76' lang='lat'>25</span> 
     </span>
     <span class='ocr_line' id='line_1_7' title="bbox 138 794 836 880; baseline 0 -20"><span class='ocrx_word' id='word_1_37' title='bbox 138 794 204 860; x_wconf 88' lang='lat' dir='ltr'>Vni</span> <span class='ocrx_word' id='word_1_38' title='bbox 226 797 317 880; x_wconf 91' lang='lat' dir='ltr'>siqua</span> <span class='ocrx_word' id='word_1_39' title='bbox 337 797 451 880; x_wconf 89' lang='lat' dir='ltr'>placet,</span> <span class='ocrx_word' id='word_1_40' title='bbox 475 796 560 860; x_wconf 86' lang='lat' dir='ltr'>culta</span> <span class='ocrx_word' id='word_1_41' title='bbox 581 795 687 879; x_wconf 89' lang='lat' dir='ltr'>puella</span> <span class='ocrx_word' id='word_1_42' title='bbox 708 799 758 860; x_wconf 87' lang='lat' dir='ltr'>sat</span> <span class='ocrx_word' id='word_1_43' title='bbox 778 800 836 880; x_wconf 90' lang='lat' dir='ltr'>est,</span> 
     </span>
     <span class='ocr_line' id='line_1_8' title="bbox 97 878 996 963; baseline -0.001 -17"><span class='ocrx_word' id='word_1_44' title='bbox 97 878 180 946; x_wconf 83' lang='lat' dir='ltr'>Cum</span> <span class='ocrx_word' id='word_1_45' title='bbox 199 880 260 943; x_wconf 92' lang='lat' dir='ltr'>tibi</span> <span class='ocrx_word' id='word_1_46' title='bbox 280 881 466 963; x_wconf 86' lang='lat' dir='ltr'>praesertim</span> <span class='ocrx_word' id='word_1_47' title='bbox 488 879 635 944; x_wconf 89' lang='lat' dir='ltr'>Phoebus</span> <span class='ocrx_word' id='word_1_48' title='bbox 658 902 715 944; x_wconf 89' lang='lat' dir='ltr'>sua</span> <span class='ocrx_word' id='word_1_49' title='bbox 737 881 877 944; x_wconf 86' lang='lat' dir='ltr'>carmina</span> <span class='ocrx_word' id='word_1_50' title='bbox 899 881 996 945; x_wconf 90' lang='lat' dir='ltr'>donet</span> 
     </span>
     <span class='ocr_line' id='line_1_9' title="bbox 138 961 780 1047; baseline -0.002 -20"><span class='ocrx_word' id='word_1_51' title='bbox 138 964 338 1046; x_wconf 86' lang='lat' dir='ltr'>Aoniamque</span> <span class='ocrx_word' id='word_1_52' title='bbox 359 964 462 1027; x_wconf 89' lang='lat' dir='ltr'>libens</span> <span class='ocrx_word' id='word_1_53' title='bbox 485 961 648 1046; x_wconf 82' lang='lat' dir='ltr'>Calliopea</span> <span class='ocrx_word' id='word_1_54' title='bbox 670 965 780 1047; x_wconf 86' lang='lat' dir='ltr'>lyram,</span> 
     </span>
     <span class='ocr_line' id='line_1_10' title="bbox 96 1045 813 1131; baseline 0 -20"><span class='ocrx_word' id='word_1_55' title='bbox 96 1045 201 1112; x_wconf 81' lang='lat' dir='ltr'>Vnica</span> <span class='ocrx_word' id='word_1_56' title='bbox 221 1068 280 1112; x_wconf 89' lang='lat' dir='ltr'>nec</span> <span class='ocrx_word' id='word_1_57' title='bbox 302 1047 386 1111; x_wconf 88' lang='lat' dir='ltr'>desit</span> <span class='ocrx_word' id='word_1_58' title='bbox 406 1047 551 1112; x_wconf 81' lang='lat' dir='ltr'>iucundis</span> <span class='ocrx_word' id='word_1_59' title='bbox 573 1048 678 1131; x_wconf 86' lang='lat' dir='ltr'>gratia</span> <span class='ocrx_word' id='word_1_60' title='bbox 698 1048 813 1130; x_wconf 85' lang='lat' dir='ltr'>verbis,</span> 
     </span>
     <span class='ocr_line' id='line_1_11' title="bbox 139 1130 1057 1215; baseline -0.002 -20"><span class='ocrx_word' id='word_1_61' title='bbox 139 1130 255 1196; x_wconf 86' lang='lat' dir='ltr'>Omnia</span> <span class='ocrx_word' id='word_1_62' title='bbox 269 1152 412 1214; x_wconf 88' lang='lat' dir='ltr'>quaeque</span> <span class='ocrx_word' id='word_1_63' title='bbox 426 1130 535 1195; x_wconf 89' lang='lat' dir='ltr'>Venus</span> <span class='ocrx_word' id='word_1_64' title='bbox 549 1152 689 1214; x_wconf 87' lang='lat' dir='ltr'>quaeque</span> <span class='ocrx_word' id='word_1_65' title='bbox 704 1131 848 1196; x_wconf 88' lang='lat' dir='ltr'>Minerva</span> <span class='ocrx_word' id='word_1_66' title='bbox 869 1132 995 1215; x_wconf 90' lang='lat' dir='ltr'>probat.</span> <span class='ocrx_word' id='word_1_67' title='bbox 1023 1144 1057 1194; x_wconf 71' lang='lat'>80</span> 
     </span>
     <span class='ocr_line' id='line_1_12' title="bbox 96 1214 910 1300; baseline 0.001 -21"><span class='ocrx_word' id='word_1_68' title='bbox 96 1214 157 1279; x_wconf 88' lang='lat' dir='ltr'>His</span> <span class='ocrx_word' id='word_1_69' title='bbox 178 1218 214 1278; x_wconf 89' lang='lat' dir='ltr'>tu</span> <span class='ocrx_word' id='word_1_70' title='bbox 236 1236 360 1297; x_wconf 86' lang='lat' dir='ltr'>semper</span> <span class='ocrx_word' id='word_1_71' title='bbox 382 1214 444 1279; x_wconf 89' lang='lat' dir='ltr'>eris</span> <span class='ocrx_word' id='word_1_72' title='bbox 465 1217 593 1278; x_wconf 87' lang='lat' dir='ltr'>nostrae</span> <span class='ocrx_word' id='word_1_73' title='bbox 614 1216 796 1299; x_wconf 86' lang='lat' dir='ltr'>gratissima</span> <span class='ocrx_word' id='word_1_74' title='bbox 817 1215 910 1300; x_wconf 86' lang='lat' dir='ltr'>vitae,</span> 
     </span>
     <span class='ocr_line' id='line_1_13' title="bbox 64 1297 849 1365; baseline 0.003 -2"><span class='ocrx_word' id='word_1_75' title='bbox 64 1304 68 1311; x_wconf 91' lang='lat'>&#39;</span> <span class='ocrx_word' id='word_1_76' title='bbox 139 1298 256 1363; x_wconf 83' lang='lat' dir='ltr'>Taedia</span> <span class='ocrx_word' id='word_1_77' title='bbox 277 1297 353 1362; x_wconf 91' lang='lat' dir='ltr'>dum</span> <span class='ocrx_word' id='word_1_78' title='bbox 374 1298 508 1363; x_wconf 83' lang='lat' dir='ltr'>miserae</span> <span class='ocrx_word' id='word_1_79' title='bbox 531 1298 596 1361; x_wconf 90' lang='lat' dir='ltr'>sint</span> <span class='ocrx_word' id='word_1_80' title='bbox 617 1299 677 1364; x_wconf 90' lang='lat' dir='ltr'>tibi</span> <span class='ocrx_word' id='word_1_81' title='bbox 698 1299 849 1365; x_wconf 84' lang='lat' dir='ltr'>luxuriae.</span> 
     </span>
    </p>
   </div>
   <div class='ocr_carea' id='block_1_3' title="bbox 501 1430 653 1439">
    <p class='ocr_par' dir='ltr' id='par_1_3' title="bbox 501 1430 653 1439">
     <span class='ocr_line' id='line_1_14' title="bbox 501 1430 653 1439; baseline 0 -1"><span class='ocrx_word' id='word_1_82' title='bbox 501 1430 653 1439; x_wconf 71' lang='grc'>---.</span> 
     </span>
    </p>
   </div>
   <div class='ocr_carea' id='block_1_4' title="bbox 542 1512 605 1586">
    <p class='ocr_par' dir='ltr' id='par_1_4' title="bbox 542 1512 605 1586">
     <span class='ocr_line' id='line_1_15' title="bbox 542 1512 605 1586; baseline 0.032 -2"><span class='ocrx_word' id='word_1_83' title='bbox 542 1512 605 1586; x_wconf 90' lang='grc' dir='ltr'>ΙΠ.</span> 
     </span>
    </p>
   </div>
   <div class='ocr_carea' id='block_1_5' title="bbox 50 1633 1055 3626">
    <p class='ocr_par' dir='ltr' id='par_1_5' title="bbox 50 1633 1055 3626">
     <span class='ocr_line' id='line_1_16' title="bbox 50 1633 750 1710; baseline 0.001 -14"><span class='ocrx_word' id='word_1_84' title='bbox 50 1638 53 1643; x_wconf 83' lang='grc'><strong>’</strong></span> <span class='ocrx_word' id='word_1_85' title='bbox 97 1633 207 1710; x_wconf 81' lang='lat' dir='ltr'>Qualis</span> <span class='ocrx_word' id='word_1_86' title='bbox 229 1633 352 1699; x_wconf 85' lang='lat' dir='ltr'>Thesea</span> <span class='ocrx_word' id='word_1_87' title='bbox 372 1634 469 1698; x_wconf 88' lang='lat' dir='ltr'>iacuit</span> <span class='ocrx_word' id='word_1_88' title='bbox 490 1633 620 1698; x_wconf 80' lang='lat' dir='ltr'>cedente</span> <span class='ocrx_word' id='word_1_89' title='bbox 643 1634 750 1698; x_wconf 88' lang='lat' dir='ltr'>carina</span> 
     </span>
     <span class='ocr_line' id='line_1_17' title="bbox 137 1716 777 1803; baseline 0 -22"><span class='ocrx_word' id='word_1_90' title='bbox 137 1716 304 1803; x_wconf 77' lang='lat' dir='ltr'>Languida</span> <span class='ocrx_word' id='word_1_91' title='bbox 326 1717 457 1783; x_wconf 76' lang='lat' dir='ltr'>desertis</span> <span class='ocrx_word' id='word_1_92' title='bbox 481 1717 601 1782; x_wconf 85' lang='lat' dir='ltr'>Gnosia</span> <span class='ocrx_word' id='word_1_93' title='bbox 622 1718 777 1801; x_wconf 76' lang='lat' dir='ltr'>litoribuS,</span> 
     </span>
     <span class='ocr_line' id='line_1_18' title="bbox 97 1800 849 1885; baseline 0.003 -20"><span class='ocrx_word' id='word_1_94' title='bbox 97 1801 206 1877; x_wconf 83' lang='lat' dir='ltr'>Qualis</span> <span class='ocrx_word' id='word_1_95' title='bbox 229 1805 261 1866; x_wconf 88' lang='lat' dir='ltr'>et</span> <span class='ocrx_word' id='word_1_96' title='bbox 282 1802 428 1866; x_wconf 89' lang='lat' dir='ltr'>accubuit</span> <span class='ocrx_word' id='word_1_97' title='bbox 448 1802 551 1885; x_wconf 92' lang='lat' dir='ltr'>primo</span> <span class='ocrx_word' id='word_1_98' title='bbox 575 1800 619 1867; x_wconf 80' lang='lat' dir='ltr'>Oe</span> <span class='ocrx_word' id='word_1_99' title='bbox 642 1801 715 1866; x_wconf 90' lang='lat' dir='ltr'>heia</span> <span class='ocrx_word' id='word_1_100' title='bbox 736 1822 849 1867; x_wconf 91' lang='lat' dir='ltr'>somno</span> 
     </span>
     <span class='ocr_line' id='line_1_19' title="bbox 138 1885 829 1967; baseline 0 -18"><span class='ocrx_word' id='word_1_101' title='bbox 138 1885 255 1949; x_wconf 86' lang='lat' dir='ltr'>Libera</span> <span class='ocrx_word' id='word_1_102' title='bbox 276 1885 340 1949; x_wconf 90' lang='lat' dir='ltr'>iam</span> <span class='ocrx_word' id='word_1_103' title='bbox 362 1886 448 1949; x_wconf 91' lang='lat' dir='ltr'>duris</span> <span class='ocrx_word' id='word_1_104' title='bbox 470 1886 594 1949; x_wconf 88' lang='lat' dir='ltr'>cotibus</span> <span class='ocrx_word' id='word_1_105' title='bbox 671 1885 829 1967; x_wconf 78' lang='lat' dir='ltr'>dromeda,</span> 
     </span>
     <span class='ocr_line' id='line_1_20' title="bbox 98 1966 1055 2035; baseline -0.003 -1"><span class='ocrx_word' id='word_1_106' title='bbox 98 1966 168 2035; x_wconf 87' lang='lat' dir='ltr'>Nec</span> <span class='ocrx_word' id='word_1_107' title='bbox 189 1969 295 2033; x_wconf 91' lang='lat' dir='ltr'>minus</span> <span class='ocrx_word' id='word_1_108' title='bbox 318 1967 457 2033; x_wconf 88' lang='lat' dir='ltr'>adsiduis</span> <span class='ocrx_word' id='word_1_109' title='bbox 478 1968 600 2033; x_wconf 81' lang='lat' dir='ltr'>Edonis</span> <span class='ocrx_word' id='word_1_110' title='bbox 622 1970 707 2034; x_wconf 89' lang='lat' dir='ltr'>fessa</span> <span class='ocrx_word' id='word_1_111' title='bbox 729 1968 851 2033; x_wconf 85' lang='lat' dir='ltr'>choreis</span> <span class='ocrx_word' id='word_1_112' title='bbox 1039 1982 1055 2031; x_wconf 76' lang='lat' dir='ltr'>o</span> 
     </span>
     <span class='ocr_line' id='line_1_21' title="bbox 138 2052 805 2136; baseline 0.001 -20"><span class='ocrx_word' id='word_1_113' title='bbox 138 2052 248 2128; x_wconf 87' lang='lat' dir='ltr'>Qualis</span> <span class='ocrx_word' id='word_1_114' title='bbox 269 2053 303 2115; x_wconf 91' lang='lat' dir='ltr'>in</span> <span class='ocrx_word' id='word_1_115' title='bbox 323 2052 460 2118; x_wconf 88' lang='lat' dir='ltr'>herboso</span> <span class='ocrx_word' id='word_1_116' title='bbox 483 2052 623 2119; x_wconf 73' lang='lat' dir='ltr'>concidit</span> <span class='ocrx_word' id='word_1_117' title='bbox 642 2052 805 2136; x_wconf 87' lang='lat' dir='ltr'>Apidano:</span> 
     </span>
     <span class='ocr_line' id='line_1_22' title="bbox 96 2135 826 2220; baseline -0.001 -19"><span class='ocrx_word' id='word_1_118' title='bbox 96 2136 182 2201; x_wconf 81' lang='lat' dir='ltr'>Talis</span> <span class='ocrx_word' id='word_1_119' title='bbox 204 2137 272 2200; x_wconf 86' lang='lat' dir='ltr'>visa</span> <span class='ocrx_word' id='word_1_120' title='bbox 293 2135 373 2200; x_wconf 89' lang='lat' dir='ltr'>mihi</span> <span class='ocrx_word' id='word_1_121' title='bbox 393 2137 524 2201; x_wconf 90' lang='lat' dir='ltr'>mollem</span> <span class='ocrx_word' id='word_1_122' title='bbox 545 2138 666 2220; x_wconf 90' lang='lat' dir='ltr'>spirare</span> <span class='ocrx_word' id='word_1_123' title='bbox 688 2137 826 2219; x_wconf 86' lang='lat' dir='ltr'>quietem</span> 
     </span>
     <span class='ocr_line' id='line_1_23' title="bbox 139 2219 872 2317; baseline -0.004 -32"><span class='ocrx_word' id='word_1_124' title='bbox 139 2219 278 2317; x_wconf 70' lang='lat' dir='ltr'>Cynthia</span> <span class='ocrx_word' id='word_1_125' title='bbox 299 2241 366 2284; x_wconf 90' lang='lat' dir='ltr'>non</span> <span class='ocrx_word' id='word_1_126' title='bbox 388 2221 482 2285; x_wconf 89' lang='lat' dir='ltr'>certis</span> <span class='ocrx_word' id='word_1_127' title='bbox 503 2220 579 2284; x_wconf 82' lang='lat' dir='ltr'>nixa</span> <span class='ocrx_word' id='word_1_128' title='bbox 600 2224 695 2304; x_wconf 89' lang='lat' dir='ltr'>caput</span> <span class='ocrx_word' id='word_1_129' title='bbox 715 2220 872 2301; x_wconf 88' lang='lat' dir='ltr'>manibus,</span> 
     </span>
     <span class='ocr_line' id='line_1_24' title="bbox 95 2303 894 2389; baseline -0.003 -19"><span class='ocrx_word' id='word_1_130' title='bbox 95 2303 195 2370; x_wconf 80' lang='lat' dir='ltr'>Ebrra</span> <span class='ocrx_word' id='word_1_131' title='bbox 216 2325 287 2368; x_wconf 90' lang='lat' dir='ltr'>cum</span> <span class='ocrx_word' id='word_1_132' title='bbox 309 2304 410 2369; x_wconf 88' lang='lat' dir='ltr'>multo</span> <span class='ocrx_word' id='word_1_133' title='bbox 431 2303 589 2369; x_wconf 87' lang='lat' dir='ltr'>traherem</span> <span class='ocrx_word' id='word_1_134' title='bbox 610 2304 746 2389; x_wconf 85' lang='lat' dir='ltr'>vestigia</span> <span class='ocrx_word' id='word_1_135' title='bbox 766 2303 894 2368; x_wconf 89' lang='lat' dir='ltr'>Baccho</span> 
     </span>
     <span class='ocr_line' id='line_1_25' title="bbox 136 2386 1055 2471; baseline -0.003 -19"><span class='ocrx_word' id='word_1_136' title='bbox 136 2386 181 2452; x_wconf 82' lang='lat' dir='ltr'>Et</span> <span class='ocrx_word' id='word_1_137' title='bbox 202 2391 369 2471; x_wconf 74' lang='lat' dir='ltr'>quaterent</span> <span class='ocrx_word' id='word_1_138' title='bbox 389 2409 459 2452; x_wconf 89' lang='lat' dir='ltr'>sera</span> <span class='ocrx_word' id='word_1_139' title='bbox 479 2392 575 2452; x_wconf 88' lang='lat' dir='ltr'>nocte</span> <span class='ocrx_word' id='word_1_140' title='bbox 596 2388 698 2452; x_wconf 88' lang='lat' dir='ltr'>facem</span> <span class='ocrx_word' id='word_1_141' title='bbox 718 2387 818 2471; x_wconf 90' lang='lat' dir='ltr'>pueri.</span> <span class='ocrx_word' id='word_1_142' title='bbox 1022 2401 1055 2450; x_wconf 89' lang='lat'>10</span> 
     </span>
     <span class='ocr_line' id='line_1_26' title="bbox 95 2469 1013 2555; baseline 0 -20"><span class='ocrx_word' id='word_1_143' title='bbox 95 2469 188 2536; x_wconf 90' lang='lat' dir='ltr'>Hanc</span> <span class='ocrx_word' id='word_1_144' title='bbox 210 2492 281 2555; x_wconf 87' lang='lat' dir='ltr'>ego,</span> <span class='ocrx_word' id='word_1_145' title='bbox 302 2470 445 2536; x_wconf 88' lang='lat' dir='ltr'>nondum</span> <span class='ocrx_word' id='word_1_146' title='bbox 460 2473 557 2536; x_wconf 89' lang='lat' dir='ltr'>etiam</span> <span class='ocrx_word' id='word_1_147' title='bbox 572 2493 683 2536; x_wconf 89' lang='lat' dir='ltr'>sensus</span> <span class='ocrx_word' id='word_1_148' title='bbox 698 2471 878 2555; x_wconf 86' lang='lat' dir='ltr'>deperditus</span> <span class='ocrx_word' id='word_1_149' title='bbox 895 2491 1013 2555; x_wconf 90' lang='lat' dir='ltr'>omnes,</span> 
     </span>
     <span class='ocr_line' id='line_1_27' title="bbox 136 2553 781 2640; baseline 0.002 -21"><span class='ocrx_word' id='word_1_150' title='bbox 136 2553 279 2619; x_wconf 88' lang='lat' dir='ltr'>Molliter</span> <span class='ocrx_word' id='word_1_151' title='bbox 299 2556 444 2638; x_wconf 90' lang='lat' dir='ltr'>inpresso</span> <span class='ocrx_word' id='word_1_152' title='bbox 467 2576 565 2620; x_wconf 89' lang='lat' dir='ltr'>conor</span> <span class='ocrx_word' id='word_1_153' title='bbox 586 2555 673 2620; x_wconf 87' lang='lat' dir='ltr'>adire</span> <span class='ocrx_word' id='word_1_154' title='bbox 694 2559 781 2640; x_wconf 82' lang='lat' dir='ltr'>t0r03</span> 
     </span>
     <span class='ocr_line' id='line_1_28' title="bbox 94 2637 950 2722; baseline 0 -20"><span class='ocrx_word' id='word_1_155' title='bbox 94 2637 139 2703; x_wconf 83' lang='lat' dir='ltr'>Et</span> <span class='ocrx_word' id='word_1_156' title='bbox 160 2639 304 2721; x_wconf 88' lang='lat' dir='ltr'>quamvis</span> <span class='ocrx_word' id='word_1_157' title='bbox 326 2639 446 2722; x_wconf 89' lang='lat' dir='ltr'>duplici</span> <span class='ocrx_word' id='word_1_158' title='bbox 468 2659 557 2703; x_wconf 90' lang='lat' dir='ltr'>corre</span> <span class='ocrx_word' id='word_1_159' title='bbox 580 2642 649 2704; x_wconf 87' lang='lat' dir='ltr'>tum</span> <span class='ocrx_word' id='word_1_160' title='bbox 671 2639 783 2704; x_wconf 90' lang='lat' dir='ltr'>ardore</span> <span class='ocrx_word' id='word_1_161' title='bbox 804 2638 950 2703; x_wconf 89' lang='lat' dir='ltr'>iuberent</span> 
     </span>
     <span class='ocr_line' id='line_1_29' title="bbox 136 2661 917 2806; baseline 0.001 -20"><span class='ocrx_word' id='word_1_162' title='bbox 136 2721 207 2786; x_wconf 91' lang='lat' dir='ltr'>Hac</span> <span class='ocrx_word' id='word_1_163' title='bbox 228 2723 330 2788; x_wconf 87' lang='lat' dir='ltr'>Amor</span> <span class='ocrx_word' id='word_1_164' title='bbox 350 2722 410 2787; x_wconf 84' lang='lat' dir='ltr'>hac</span> <span class='ocrx_word' id='word_1_165' title='bbox 431 2721 536 2805; x_wconf 83' lang='lat' dir='ltr'>Liber,</span> <span class='ocrx_word' id='word_1_166' title='bbox 557 2661 655 2786; x_wconf 70' lang='lat' dir='ltr'>durus</span> <span class='ocrx_word' id='word_1_167' title='bbox 677 2726 809 2806; x_wconf 87' lang='lat' dir='ltr'>uterque</span> <span class='ocrx_word' id='word_1_168' title='bbox 831 2722 917 2805; x_wconf 89' lang='lat' dir='ltr'>deus,</span> 
     </span>
     <span class='ocr_line' id='line_1_30' title="bbox 95 2803 1053 2890; baseline -0.003 -19"><span class='ocrx_word' id='word_1_169' title='bbox 95 2803 242 2871; x_wconf 82' lang='lat' dir='ltr'>Subiecto</span> <span class='ocrx_word' id='word_1_170' title='bbox 264 2806 377 2871; x_wconf 86' lang='lat' dir='ltr'>leviter</span> <span class='ocrx_word' id='word_1_171' title='bbox 398 2806 535 2890; x_wconf 86' lang='lat' dir='ltr'>positam</span> <span class='ocrx_word' id='word_1_172' title='bbox 556 2809 713 2890; x_wconf 84' lang='lat' dir='ltr'>temptare</span> <span class='ocrx_word' id='word_1_173' title='bbox 734 2807 852 2871; x_wconf 88' lang='lat' dir='ltr'>lacerto</span> <span class='ocrx_word' id='word_1_174' title='bbox 1021 2818 1053 2868; x_wconf 74' lang='lat'>15</span> 
     </span>
     <span class='ocr_line' id='line_1_31' title="bbox 137 2888 830 2973; baseline 0 -19"><span class='ocrx_word' id='word_1_175' title='bbox 137 2888 315 2973; x_wconf 88' lang='lat' dir='ltr'>Osculaque</span> <span class='ocrx_word' id='word_1_176' title='bbox 337 2890 466 2954; x_wconf 88' lang='lat' dir='ltr'>admota</span> <span class='ocrx_word' id='word_1_177' title='bbox 487 2911 610 2954; x_wconf 89' lang='lat' dir='ltr'>sumere</span> <span class='ocrx_word' id='word_1_178' title='bbox 632 2911 704 2955; x_wconf 88' lang='lat' dir='ltr'>cara</span> <span class='ocrx_word' id='word_1_179' title='bbox 725 2911 830 2972; x_wconf 88' lang='lat' dir='ltr'>manu,</span> 
     </span>
     <span class='ocr_line' id='line_1_32' title="bbox 94 2971 1011 3057; baseline -0.001 -19"><span class='ocrx_word' id='word_1_180' title='bbox 94 2971 171 3039; x_wconf 86' lang='lat' dir='ltr'>Non</span> <span class='ocrx_word' id='word_1_181' title='bbox 192 2977 301 3038; x_wconf 89' lang='lat' dir='ltr'>tamen</span> <span class='ocrx_word' id='word_1_182' title='bbox 322 2995 417 3038; x_wconf 91' lang='lat' dir='ltr'>ausus</span> <span class='ocrx_word' id='word_1_183' title='bbox 439 2995 526 3038; x_wconf 87' lang='lat' dir='ltr'>eram</span> <span class='ocrx_word' id='word_1_184' title='bbox 547 2973 693 3039; x_wconf 88' lang='lat' dir='ltr'>dominae</span> <span class='ocrx_word' id='word_1_185' title='bbox 714 2976 841 3038; x_wconf 89' lang='lat' dir='ltr'>turbare</span> <span class='ocrx_word' id='word_1_186' title='bbox 864 2974 1011 3057; x_wconf 87' lang='lat' dir='ltr'>quietem,</span> 
     </span>
     <span class='ocr_line' id='line_1_33' title="bbox 137 3056 767 3142; baseline 0.002 -21"><span class='ocrx_word' id='word_1_187' title='bbox 137 3056 296 3141; x_wconf 79' lang='lat' dir='ltr'>Expertae</span> <span class='ocrx_word' id='word_1_188' title='bbox 317 3061 462 3121; x_wconf 88' lang='lat' dir='ltr'>metuens</span> <span class='ocrx_word' id='word_1_189' title='bbox 484 3058 588 3142; x_wconf 81' lang='lat' dir='ltr'>iurgia</span> <span class='ocrx_word' id='word_1_190' title='bbox 609 3058 767 3141; x_wconf 86' lang='lat' dir='ltr'>saevitiae,</span> 
     </span>
     <span class='ocr_line' id='line_1_34' title="bbox 93 3139 811 3223; baseline 0 -18"><span class='ocrx_word' id='word_1_191' title='bbox 93 3139 157 3205; x_wconf 84' lang='lat' dir='ltr'>Sed</span> <span class='ocrx_word' id='word_1_192' title='bbox 178 3141 224 3206; x_wconf 90' lang='lat' dir='ltr'>sic</span> <span class='ocrx_word' id='word_1_193' title='bbox 245 3141 378 3206; x_wconf 88' lang='lat' dir='ltr'>intentis</span> <span class='ocrx_word' id='word_1_194' title='bbox 399 3140 569 3206; x_wconf 77' lang='lat' dir='ltr'>haerebam</span> <span class='ocrx_word' id='word_1_195' title='bbox 589 3141 670 3206; x_wconf 87' lang='lat' dir='ltr'>fixus</span> <span class='ocrx_word' id='word_1_196' title='bbox 693 3141 811 3223; x_wconf 86' lang='lat' dir='ltr'>ocellis,</span> 
     </span>
     <span class='ocr_line' id='line_1_35' title="bbox 134 3224 1054 3310; baseline -0.004 -22"><span class='ocrx_word' id='word_1_197' title='bbox 134 3224 243 3310; x_wconf 80' lang='lat' dir='ltr'>Argus</span> <span class='ocrx_word' id='word_1_198' title='bbox 265 3228 302 3290; x_wconf 92' lang='lat' dir='ltr'>ut</span> <span class='ocrx_word' id='word_1_199' title='bbox 322 3226 443 3310; x_wconf 82' lang='lat' dir='ltr'>ignotis</span> <span class='ocrx_word' id='word_1_200' title='bbox 466 3226 614 3291; x_wconf 88' lang='lat' dir='ltr'>cornibus</span> <span class='ocrx_word' id='word_1_201' title='bbox 636 3224 816 3290; x_wconf 88' lang='lat' dir='ltr'>Inachidos.</span> <span class='ocrx_word' id='word_1_202' title='bbox 1021 3235 1054 3285; x_wconf 79' lang='lat'>20</span> 
     </span>
     <span class='ocr_line' id='line_1_36' title="bbox 92 3306 918 3375; baseline -0.001 -3"><span class='ocrx_word' id='word_1_203' title='bbox 92 3306 137 3371; x_wconf 81' lang='lat' dir='ltr'>nt</span> <span class='ocrx_word' id='word_1_204' title='bbox 157 3309 253 3373; x_wconf 91' lang='lat' dir='ltr'>modo</span> <span class='ocrx_word' id='word_1_205' title='bbox 277 3309 441 3373; x_wconf 86' lang='lat' dir='ltr'>solvebam</span> <span class='ocrx_word' id='word_1_206' title='bbox 461 3313 573 3375; x_wconf 89' lang='lat' dir='ltr'>nostra</span> <span class='ocrx_word' id='word_1_207' title='bbox 595 3308 633 3374; x_wconf 89' lang='lat' dir='ltr'>de</span> <span class='ocrx_word' id='word_1_208' title='bbox 654 3309 760 3373; x_wconf 83' lang='lat' dir='ltr'>fronte</span> <span class='ocrx_word' id='word_1_209' title='bbox 783 3308 918 3372; x_wconf 89' lang='lat' dir='ltr'>corollas</span> 
     </span>
     <span class='ocr_line' id='line_1_37' title="bbox 135 3391 854 3476; baseline -0.001 -20"><span class='ocrx_word' id='word_1_210' title='bbox 135 3391 361 3476; x_wconf 89' lang='lat' dir='ltr'>Ponebamque</span> <span class='ocrx_word' id='word_1_211' title='bbox 381 3393 456 3476; x_wconf 90' lang='lat' dir='ltr'>tuis,</span> <span class='ocrx_word' id='word_1_212' title='bbox 480 3392 628 3476; x_wconf 79' lang='lat' dir='ltr'>Cynthia,</span> <span class='ocrx_word' id='word_1_213' title='bbox 649 3391 854 3476; x_wconf 88' lang='lat' dir='ltr'>temporibus,</span> 
     </span>
     <span class='ocr_line' id='line_1_38' title="bbox 92 3474 904 3562; baseline -0.001 -22"><span class='ocrx_word' id='word_1_214' title='bbox 92 3474 138 3540; x_wconf 78' lang='lat' dir='ltr'>Et</span> <span class='ocrx_word' id='word_1_215' title='bbox 158 3475 253 3540; x_wconf 89' lang='lat' dir='ltr'>modo</span> <span class='ocrx_word' id='word_1_216' title='bbox 275 3476 452 3562; x_wconf 85' lang='lat' dir='ltr'>gaudebam</span> <span class='ocrx_word' id='word_1_217' title='bbox 473 3477 580 3561; x_wconf 82' lang='lat' dir='ltr'>lapsos</span> <span class='ocrx_word' id='word_1_218' title='bbox 600 3476 738 3541; x_wconf 85' lang='lat' dir='ltr'>formare</span> <span class='ocrx_word' id='word_1_219' title='bbox 760 3474 904 3559; x_wconf 80' lang='lat' dir='ltr'>capillos,</span> 
     </span>
     <span class='ocr_line' id='line_1_39' title="bbox 866 3574 904 3626; baseline 0 -19"><span class='ocrx_word' id='word_1_220' title='bbox 866 3574 904 3626; x_wconf 61' lang='lat'>1*</span> 
     </span>
    </p>
   </div>
   <div class='ocr_carea' id='block_1_6' title="bbox 0 0 1156 3922">
    <p class='ocr_par' dir='ltr' id='par_1_6' title="bbox 0 0 1156 3922">
     <span class='ocr_line' id='line_1_40' title="bbox 0 0 1156 3922; baseline 0 1"><span class='ocrx_word' id='word_1_221' title='bbox 0 0 1156 3922; x_wconf 95' lang='lat' dir='ltr'> </span> 
     </span>
    </p>
   </div>
  </div>
 </body>
</html>
