2302 3922
92 213 138 286 u]
493 213 601 268 urana
621 213 655 270 v.
991 204 1052 270 103

92 375 153 441 Illa
174 375 260 458 velit,
283 376 403 460 poterit
424 397 556 460 magnes
578 395 645 439 non
666 375 780 440 ducere
801 374 920 438 ferrum

134 460 178 524 Et
199 461 336 524 volucris
358 459 443 524 nidis
466 481 534 524 esse
555 480 692 524 noverca
713 459 787 523 suis.
1018 467 1053 520 10

94 544 216 627 Quippe
238 548 280 627 et,
305 542 446 609 Collinas
469 544 509 607 ad
530 544 650 607 fossam
671 543 807 608 moverit
827 540 951 626 herbas,

136 627 261 692 Stantia
283 629 423 693 currenti
444 627 640 692 diluerentur
661 649 751 710 aqua.

93 712 207 776 Audax
229 713 373 776 cantatae
395 712 482 798 leges
504 712 658 796 inponere
679 711 772 776 lunae

134 795 178 859 Et
200 816 257 859 sua
277 799 435 860 nonturno
457 796 568 861 fallere
589 797 680 881 terga
701 795 786 878 lupo,

92 880 206 945 Posset
227 881 264 943 ut
284 879 425 945 intentos
447 883 519 944 astu
541 901 667 945 caecare
688 880 830 961 maritos,
1017 891 1049 940 15

137 964 309 1028 Cornicum
330 964 496 1029 inmeritas
518 965 600 1028 eruit
613 985 719 1049 ungue
741 983 851 1048 genas,

94 1046 324 1131 Consuluitque
347 1049 462 1133 striges
483 1051 594 1112 nostro
618 1047 657 1113 de
680 1047 835 1132 sanguine
858 1046 945 1110 etin
960 1067 1011 1109 me

135 1131 356 1215 Hippomanes
377 1132 461 1197 fetae
484 1133 605 1197 semina
626 1132 707 1216 legit
728 1153 835 1214 equae.

93 1215 256 1280 Exorabat
278 1236 357 1299 opus
379 1217 493 1299 verbis,
517 1238 574 1282 ceu
595 1216 712 1280 blanda
733 1216 876 1300 pererrat

136 1299 350 1383 Saxosamque
371 1301 447 1364 terit
462 1300 571 1364 sedula
598 1299 728 1384 lympha
748 1299 847 1364 viam:
1020 1310 1055 1360 20

96 1383 142 1449 ‘Si
164 1386 196 1447 te
218 1383 287 1447 an
308 1382 526 1449 Dorozantum
547 1384 634 1448 iuvat
655 1406 750 1448 aurea
770 1384 850 1468 ripa,
973 1411 974 1414 ¹

137 1466 181 1530 Et
203 1488 283 1550 quae
305 1468 364 1532 sub
386 1468 482 1551 Tyria
503 1468 625 1534 concha
646 1468 790 1552 superbit
811 1489 901 1551 aqua,

95 1551 313 1635 Eurypylique
334 1552 442 1636 placet
463 1551 547 1618 Scae
568 1555 693 1617 textura
714 1552 876 1617 Minervae

138 1633 292 1719 Sectaque
314 1637 354 1700 ab
376 1637 524 1703 Attalicis
546 1637 653 1721 putria
674 1637 881 1722 signaturis,

95 1719 158 1784 Seu
180 1741 259 1803 quae
280 1721 465 1803 palmiferae
487 1721 619 1786 mittunt
640 1721 764 1786 venalia
785 1721 927 1804 Thebae,
1023 1730 1057 1780 25

139 1802 329 1887 Murreaque
351 1805 386 1869 in
407 1804 533 1870 Parthis
578 1806 670 1871 ocula
692 1809 783 1870 cocta
803 1805 893 1887 focis,

97 1886 217 1971 Sperne
238 1888 349 1971 fidem,
373 1890 525 1972 provolve
546 1828 639 1971 deos,
663 1889 828 1954 mendacia
849 1889 993 1972 vincant,

137 1969 263 2054 Frange
286 1975 317 2035 et
340 1970 510 2036 damnosae
531 1971 601 2035 iura
622 1972 801 2055 pudicitiae.

95 2053 141 2119 Et
162 2054 325 2118 stimulare
347 2055 427 2118 iram
448 2055 586 2138 pretium
607 2055 699 2119 facit:
722 2059 811 2119 utere
833 2053 950 2120 causis:

137 2137 241 2201 Maior
263 2138 361 2202 dilata
381 2141 476 2203 noete
497 2145 638 2203 recurret
658 2161 755 2204 amor.
1023 2150 1060 2202 8⁰

97 2221 131 2287 Si
152 2222 213 2286 tibi
233 2222 315 2286 forte
338 2242 444 2286 comas
465 2224 626 2287 vexaverit
646 2224 735 2288 utilis
757 2224 818 2305 ira,

137 2304 217 2370 Post
237 2305 332 2370 modo
354 2309 494 2371 mercata
538 2327 593 2371 aee
614 2306 805 2391 premendus
827 2307 896 2371 erit.

96 2385 242 2472 Denique
263 2390 317 2453 ubi
339 2391 486 2473 amplexu
507 2329 665 2455 Senerem
685 2391 868 2474 promiseris
891 2392 1015 2476 empto,

139 2472 203 2536 Fac
225 2472 354 2537 simules
377 2495 474 2557 puros
496 2473 590 2538 Isidis
614 2496 682 2540 esse
704 2476 780 2539 dies.

97 2554 113 2620 I
161 2559 228 2620 erat
248 2557 376 2640 Apriles
398 2556 465 2622 Iole
486 2559 561 2640 tibi,
583 2558 698 2623 tundat
718 2559 851 2642 Amycle
1024 2570 1059 2620 85

138 2639 288 2704 natalem
309 2639 391 2705 Mais
413 2641 522 2706 Idibus
544 2663 613 2707 esse
640 2645 739 2708 tuum.

100 2723 143 2789 Su
166 2724 241 2807 plex
262 2724 317 2789 ille
339 2725 442 2791 sedet:
465 2726 570 2809 posita
590 2730 626 2791 tu
641 2728 743 2792 scribe
758 2726 907 2792 cathedra

140 2747 316 2884 duidlibet:
338 2807 396 2874 has
419 2811 502 2874 artes
526 2811 553 2875 si
574 2814 669 2894 pavet
689 2811 752 2894 ille,
775 2815 873 2877 tenes.

98 2892 232 2976 Semper
253 2893 334 2958 habe
355 2915 480 2959 morsus
503 2895 586 2960 cirea
606 2899 661 2960 tua
683 2897 764 2961 oolla
784 2899 938 2980 recentes,

140 2974 264 3041 Litibus
287 2978 418 3043 alternis
440 3000 520 3062 quos
542 2982 633 3063 putet
654 3002 722 3046 esse
744 2980 845 3045 datos.
1024 2991 1063 3042 4ο

96 3059 165 3126 Nec
187 3063 219 3124 te
241 3059 372 3126 Medeae
394 3062 554 3129 delectent
573 3064 691 3149 probra
712 3064 854 3147 sequacis

141 3144 279 3229 (Nempe
300 3145 374 3210 tulit
394 3145 506 3231 fastus,
530 3169 606 3213 ausa
626 3170 739 3233 rogare
760 3148 870 3232 prior),

98 3228 160 3294 Sed
181 3229 288 3313 potius
310 3229 422 3294 mundi
443 3231 540 3296 Thais
561 3233 702 3330 pretiosa
722 3231 906 3315 Menandri,

141 3311 222 3378 Cum
244 3312 320 3376 ferit
341 3316 463 3378 astutos
487 3336 608 3381 comrca
629 3313 762 3379 moecha
784 3314 890 3382 Getas.

98 3394 138 3461 In
159 3417 263 3460 mores
285 3399 325 3461 te.
338 3399 426 3462 verte
447 3398 523 3463 uiri:
546 3400 574 3464 si
596 3398 719 3464 cantica
740 3398 852 3485 iactat,
1026 3413 1060 3465 45

139 3479 157 3545 I
178 3501 284 3546 comes
307 3483 340 3545 et
359 3500 454 3546 voces
477 3482 564 3549 ebria
584 3483 683 3569 iunge
703 3485 784 3550 tuas.
