2302 3922
100 214 209 287 xxxa]
479 216 587 271 aman
608 217 655 275 111.
1016 209 1057 274 59

98 377 207 459 Atque
226 376 349 440 utinam
370 379 493 460 pereat,
517 376 594 442 Nilo
617 399 697 460 quae
719 397 808 442 sacra
829 378 958 460 tepente

140 460 230 524 Misit
250 462 404 524 matronis
426 460 554 524 Inachis
576 461 743 525 Ausoniis!

99 543 185 618 Quae
208 543 266 608 dea
287 547 354 608 tam
376 545 508 628 cupidos
530 545 648 609 totiens
670 545 776 609 divisit
799 543 964 608 amantes?
1041 556 1056 605 o

140 628 361 712 Quaecumque
383 629 440 692 illa
460 629 537 710 fuit,
561 649 686 712 semper
706 650 812 709 amara
833 628 903 693 fuit.

97 710 145 774 Tu
168 714 252 775 certe
274 710 359 775 Iovis
383 713 515 776 occultis
537 713 573 776 in
594 712 768 795 amoribus,
791 711 842 796 Ic,

139 795 289 877 Sensisti,
311 795 428 859 multas
450 796 526 880 quid
548 797 590 860 sit
611 797 691 860 inire
713 797 796 878 vias,

96 877 178 943 Cum
200 881 231 942 te
253 878 347 942 iussit
366 879 482 944 habere
503 880 643 964 puellam
665 901 784 944 cornua
805 877 885 943 Iuno

137 962 181 1026 Et
201 962 326 1045 pecoris
349 962 426 1027 duro
448 964 579 1047 perdere
601 964 696 1028 verba
718 983 807 1027 sono.
1023 974 1055 1022 10

93 1046 125 1108 A
148 1047 295 1128 quotiens
317 1047 446 1128 quernis
468 1048 589 1111 laesisti
610 1046 776 1110 frondibus
798 1047 866 1110 orat

136 1128 285 1193 Mansisti
307 1130 440 1194 stabulis
463 1131 570 1194 abdita
590 1133 682 1214 pasta
702 1130 775 1193 tuis.

94 1213 162 1296 An,
186 1213 339 1295 quoniam
360 1217 519 1298 agrestem
541 1215 677 1277 detraxit
698 1213 738 1278 ab
761 1233 814 1276 ore
836 1212 971 1297 figuram

136 1295 294 1379 Iuppiter,
316 1296 434 1361 ideirco
456 1298 542 1361 facta
563 1297 698 1381 superba
720 1295 825 1360 dea's?

63 1396 68 1406 ·
93 1380 149 1442 An
169 1380 230 1443 tibi
250 1400 317 1443 non
339 1381 415 1444 satis
438 1385 488 1445 est
508 1381 605 1445 fuscis
621 1382 787 1464 Aegyptus
809 1377 967 1443 alumnis?
1023 1389 1054 1441 lc

138 1462 202 1527 Our
222 1463 283 1527 tibi
303 1467 369 1528 tam
391 1465 488 1549 longa
508 1465 611 1529 Roma
632 1465 733 1548 petita
753 1463 825 1527 via?

94 1546 216 1622 Quidve
238 1547 298 1610 tibi
318 1548 448 1631 prodest
467 1549 577 1612 viduas
599 1548 735 1612 dormire
756 1546 901 1631 puellas?

139 1630 201 1695 Sed
223 1631 297 1713 tibi,
320 1632 412 1696 crede
433 1631 527 1716 mihi,
550 1652 669 1719 cornua
689 1652 797 1695 rursus
820 1632 927 1713 erunt,

95 1715 161 1778 Aut
181 1735 241 1779 nos
264 1736 281 1779 e
302 1718 480 1800 nostrate,
503 1737 611 1799 saeva,
633 1715 814 1800 fugabimus
835 1714 929 1778 urbe:

137 1797 218 1862 Cum
239 1798 346 1879 Tiberi
367 1799 443 1865 Nilo
465 1801 568 1885 gratia
588 1800 677 1864 nulla
696 1799 768 1863 fuit.
1018 1808 1052 1858 20

93 1883 139 1945 At
159 1885 211 1963 tu,
234 1903 313 1965 quae
334 1886 445 1947 nostro
467 1885 602 1948 nimium
623 1884 749 1966 placata
771 1881 920 1963 dolores,

136 1963 294 2029 Noctibus
315 1965 366 2028 his
388 1967 479 2031 vacui
499 1971 548 2030 ter
570 1967 723 2029 faciamus
745 1965 815 2028 iter.
877 1978 881 1984 '

93 2048 170 2113 Non
191 2047 280 2110 audis
304 2052 336 2112 et
356 2049 453 2113 verba
473 2050 552 2113 sinis
574 2070 645 2113 mea
666 2048 788 2130 ludere,
813 2067 884 2111 cum
905 2047 969 2110 iam

136 2131 282 2195 Flectant
303 2130 398 2195 Icarii
419 2132 522 2196 sidera
543 2132 634 2196 tarda
654 2133 762 2196 boves.
786 2197 790 2203 ,

93 2216 195 2279 Lenta
209 2215 307 2278 bibis:
330 2215 453 2279 mediae
467 2220 631 2299 nequeunt
645 2219 678 2280 te
692 2215 840 2298 frangere
854 2217 974 2279 noctes.
1020 2225 1053 2277 ab
1082 2279 1085 2283 ,

136 2299 190 2362 An
212 2299 387 2363 nondumst
407 2300 490 2363 talos
512 2299 639 2363 mittere
660 2299 744 2363 lassa
765 2297 901 2361 manus?

93 2383 123 2445 A
136 2385 270 2530 peream
293 2383 482 2466 quicumque
502 2405 643 2448 meracas
664 2383 805 2478 repperit
826 2402 902 2446 uvas

93 2466 895 2646 10atbattsbtttttttttftlatffi¹

135 2632 328 2715 Pamprneus
349 2634 437 2698 nosti
458 2656 553 2718 quam
575 2635 617 2698 sit
636 2655 763 2698 amarus
785 2633 870 2697 odor.
1019 2645 1054 2694 3ο

93 2715 204 2865 'fuique
226 2738 245 2779 o
266 2716 426 2800 Eurytion
447 2719 522 2783 vino
545 2717 702 2783 Centaure
723 2717 850 2802 peristi,

168 2821 204 2863 ec
224 2821 292 2865 non
313 2800 447 2867 Ismario
468 2806 519 2885 tu,
541 2801 752 2886 Polypheme,
774 2822 872 2866 mero.

92 2883 178 2947 Vino
199 2884 304 2949 forma
325 2886 422 2969 perit,
445 2886 520 2951 vino
544 2886 755 2970 corrumpitur
778 2889 879 2967 aetas,

134 2966 219 3032 Vino
242 2990 335 3053 saepe
357 2991 450 3035 suum
472 2971 576 3034 nescit
597 2971 699 3034 amica
720 2970 831 3034 virum.

92 3051 146 3115 Me
167 3053 334 3136 miserum,
356 3058 392 3118 ut
413 3054 514 3118 multo
536 3053 618 3117 nihil
641 3057 690 3118 est
710 3055 833 3118 mutata
854 3051 974 3135 Lyaeo!
1019 3064 1052 3114 35

134 3133 202 3199 Iam
224 3136 313 3201 bibe:
335 3138 515 3203 formosa's:
537 3138 585 3202 nil
607 3138 667 3202 tibi
688 3138 763 3202 vina
783 3137 915 3218 nocent,

92 3218 174 3284 Oum
195 3222 251 3283 tua
271 3221 489 3304 praependent
510 3222 665 3286 demissae
686 3221 721 3284 in
742 3219 858 3304 pocula
879 3222 981 3284 sertae

133 3302 178 3367 nt
198 3325 270 3368 mea
292 3304 426 3369 deducta
448 3306 589 3370 carmina
609 3325 686 3369 voce
708 3304 738 3367 le
765 3304 800 3367 ‘s

91 3387 225 3472 Largius
248 3387 347 3452 effuso
370 3388 496 3453 madeat
516 3389 577 3452 tibi
597 3408 708 3452 mensa
756 3387 880 3472 alerno,

135 3472 268 3557 spumea
289 3476 321 3536 et
342 3476 451 3537 aurato
473 3473 601 3536 mollius
623 3472 658 3536 in
680 3471 786 3536 calice.
1017 3483 1052 3534 4ο
