2302 3922
83 182 121 236 VI

81 351 109 404 ri
126 346 174 403 tibi
189 351 340 417 corruptus
357 344 502 416 videbitur,
532 343 659 414 quoniam
678 358 698 396 o
714 343 920 412 cormptbcimo
937 344 1095 414 exemplari

43 426 62 474 -‘
82 431 267 500 transcripsit.
305 428 370 484 Non
394 431 464 484 enim
494 426 640 499 quodpiam
665 426 741 480 alind
758 424 879 490 extabat,
907 425 980 481 ande
999 434 1093 497 poseat

82 514 163 570 libelli
180 513 262 569 baius
278 512 382 567 babere
400 513 508 583 copiam
530 509 721 581 ereemptantli:
743 513 770 563 et
788 515 817 564 at
829 523 868 563 erc
880 510 940 580 apso
954 509 1092 566 salebroso

81 598 186 670 ahquid
200 603 289 652 tomen
300 603 470 667 reppererat,
485 595 604 650 deerant
612 595 703 665 potins
717 597 807 647 tamen
821 598 980 664 corruptam
991 592 1094 650 babere

81 698 165 754 qnam
180 682 288 736 omnino
304 693 416 746 carere,
429 693 545 750 sperans
560 677 650 739 adbuc
664 676 697 731 ab
712 677 802 747 altqrm
813 678 866 731 otio
878 675 990 747 fortuito
1004 692 1092 732 emer-

79 770 159 836 9ente
174 763 248 819 bunc
255 776 341 835 posse
353 764 501 833 corripere.
530 761 650 832 Valebts,
670 762 696 814 si
707 761 734 814 ei
744 761 910 829 imprecatus
923 775 978 815 non
988 761 1091 832 fuera.

83 851 160 904 1375
179 861 271 902 marce
290 844 394 902 octobri
409 844 488 902 XIX
512 844 621 917 quando
643 842 816 914 Oasipnoriae
837 842 980 898 laborabat
996 846 1026 898 in
1040 859 1093 900 ea-

80 931 182 988 tremis.

167 1008 412 1068 GOLBERTINUS
423 1007 473 1085 (C)
485 1012 513 1065 in
524 1008 690 1066 bibliotheca
700 1009 780 1080 regia
791 1010 944 1065 Pariaiensi
962 1026 989 1066 n.
1006 1014 1086 1080 8234,

82 1096 310 1151 membranaceus
324 1096 412 1150 forma
421 1094 461 1148 IV
469 1094 588 1166 scriptus
600 1094 713 1149 saeculo
724 1094 820 1165 quinto
836 1092 955 1162 decimo,
966 1095 1088 1148 continet

82 1178 222 1234 Tibullum
233 1185 260 1234 et
272 1178 417 1236 Catullum.

166 1262 273 1319 LIBER
295 1259 488 1319 LAURENTII
516 1258 686 1316 SANTENII
710 1258 759 1336 (L,
789 1279 845 1316 non
871 1260 1086 1316 confundendus

82 1362 144 1401 curn
157 1346 367 1417 Laurentiano),
379 1361 452 1400 nunc
464 1345 492 1399 in
504 1344 672 1400 bibliotheca
682 1346 761 1417 regia
771 1344 946 1401 Bcrolinensi
959 1345 1030 1399 iuter
1041 1361 1088 1398 co-

81 1431 144 1502 pias
160 1429 360 1496 Sentenianas,
377 1445 458 1500 quem
470 1429 608 1500 integrum
620 1429 744 1484 exhibuit
758 1430 786 1483 in
803 1447 855 1484 sua
865 1425 988 1483 editione
999 1427 1087 1483 Lach-

82 1530 210 1569 mannus.
223 1543 265 1553 -
275 1514 309 1568 Hi
321 1513 383 1568 libri
396 1520 451 1568 tres
462 1512 604 1583 plerisque
615 1513 686 1568 locis
700 1514 888 1580 consentiunt,
901 1513 939 1567 ita
952 1518 1044 1566 tamen
1059 1518 1087 1565 ut

82 1596 102 1651 L
121 1599 237 1668 propius
256 1597 293 1653 ad
313 1595 498 1652 Colbertinum
515 1595 646 1664 accedat,
663 1613 680 1650 a
698 1613 753 1668 quo
770 1597 818 1652 ubi
836 1595 930 1652 differt
945 1595 1013 1651 nihil
1028 1597 1087 1649 lere

81 1679 165 1743 habet
178 1681 360 1737 auctoritatis.

165 1765 197 1819 In
210 1764 310 1819 eodem
322 1779 426 1835 genere
437 1768 501 1818 sunt
512 1763 670 1833 interpolati
683 1771 812 1836 quatuor:

165 1846 354 1905 PARISINUS
377 1849 446 1906 7989
464 1840 525 1921 (P1)
549 1846 714 1904 chartaceus
731 1850 821 1902 forma
834 1847 873 1902 IV
889 1847 1000 1916 maiori,
1014 1863 1087 1902 anno

83 1935 161 1988 1423
175 1932 218 1987 elie
229 1935 267 1987 20
276 1930 395 1987 novemb.
409 1931 538 2003 scriptus,
551 1932 672 1988 continet
683 1933 829 1998 Tibullum,
843 1931 1024 2002 Propertium,
1038 1929 1088 1985 Ca·

82 2015 193 2085 tullum,
209 2014 302 2071 Ovidii
320 2015 465 2087 epistolam
483 2013 615 2088 Sapphus
634 2016 671 2071 ad
687 2017 837 2083 Phaonem,
849 2016 969 2070 Petronii
983 2015 1086 2070 Arbitri

82 2099 254 2170 fragmenta,
272 2101 385 2172 Virgilii
396 2099 542 2157 Moretum.
576 2100 602 2155 ls
619 2116 789 2172 quamquam
800 2099 846 2155 hic
865 2100 919 2154 illic
934 2100 1087 2171 interpola·

81 2189 126 2238 tus
138 2188 195 2250 est,
209 2184 336 2255 antiquas
349 2192 440 2240 tamen
452 2185 560 2259 aliquot
572 2185 706 2240 lectiones
717 2185 810 2252 habet,
822 2200 893 2255 quae
906 2200 969 2239 cum
977 2183 1088 2237 Germa·

82 2267 164 2323 nensi
173 2282 209 2321 ex
221 2267 321 2323 eodem
334 2270 407 2324 sonte
419 2267 569 2325 fluxerunt.
592 2269 732 2324 Nonnulla
744 2285 779 2323 ex
798 2285 832 2323 eo
845 2273 1007 2322 enotaverat
1019 2265 1089 2322 San-

81 2351 188 2418 tenius,
200 2367 272 2421 quae
284 2353 313 2406 in
325 2352 447 2409 editione
460 2369 511 2407 sua
524 2351 638 2423 protulit
648 2352 854 2418 Lachmannus,
866 2349 1002 2403 interdum
1013 2349 1088 2403 hunc

82 2435 181 2490 librum
192 2450 255 2489 cnm
267 2436 328 2490 aliis
340 2436 474 2493 Parisinis
487 2433 673 2489 confundens.

102 2510 107 2523 '
166 2517 385 2575 MEMMIANUS
400 2518 455 2585 (M)
467 2533 540 2572 nunc
552 2517 695 2572 Parisinus
713 2534 741 2572 n.
759 2520 837 2584 8233,
858 2517 1088 2570 membranaceus

59 2606 61 2610 '
84 2601 173 2656 torma
183 2601 255 2670 VIII,
269 2601 413 2668 Catullum,
427 2600 573 2670 Tibullum,
590 2600 765 2671 Propertium
782 2600 937 2654 continens.
962 2597 1088 2670 Scriptus

83 2690 126 2741 est
137 2685 294 2741 Florentiae
306 2687 385 2741 1465
393 2699 410 2738 a
419 2683 563 2740 amraruo
575 2684 686 2740 Corneio
695 2685 863 2752 Florentino,
876 2682 976 2737 eodem
988 2684 1089 2752 scriba,

84 2769 358 2840 quiLaarentianam
368 2768 540 2824 Lachmanni
555 2770 691 2824 exaravit.
1141 2758 1143 2762 ’

168 2850 314 2909 GUDIANI
329 2857 382 2912 283
400 2859 426 2907 et
442 2857 494 2912 332
504 2853 580 2922 (au,
599 2853 676 2923 Gu,),
696 2868 768 2907 nunc
785 2852 813 2904 in
824 2850 991 2907 bibliotheca
1006 2851 1090 2905 Guel-

84 2938 243 3009 ferbytana,
264 2954 381 3009 quorum
399 2939 468 2992 alter
488 2939 577 2992 solum
593 2935 744 3004 Catullum,
763 2937 832 2990 alter
848 2935 985 2990 Tibullum
1000 2941 1027 2989 et
1039 2934 1089 2991 Ca·

82 3021 180 3076 tullum
192 3023 321 3092 continet,
333 3029 448 3092 uterque
461 3024 690 3077 membranaceus
703 3022 792 3074 iorma
802 3019 866 3074 Vlll
876 3019 984 3086 minori,
993 3033 1092 3072 recen-

83 3105 161 3160 tioris
173 3107 281 3162 aetatis.

167 3187 292 3260 Denique
305 3191 333 3246 in
345 3191 429 3246 libros
441 3206 497 3243 nou
509 3191 689 3259 interpolatos
702 3187 867 3243 referendus
879 3192 924 3241 est

167 3270 387 3332 DRESDENSIS
405 3273 476 3346 Reg.
489 3273 521 3329 D.
534 3278 585 3335 136
597 3273 672 3342 (Dr),
690 3274 920 3327 membranaceus
937 3271 1026 3324 forma
1042 3269 1091 3337 IV,

85 3357 197 3414 saeculo
209 3357 303 3428 quinto
314 3358 422 3414 decimo
432 3359 461 3412 in
472 3358 550 3413 ltalia
560 3358 688 3428 scriptus,
697 3373 779 3428 quem
791 3353 916 3426 Silligius
929 3356 956 3409 in
967 3353 1091 3408 editione

83 3457 136 3497 sua
147 3440 281 3498 exhibuit.
303 3444 330 3497 ls
342 3444 513 3513 singularem
524 3447 599 3497 tenet
615 3442 706 3496 locum
720 3441 790 3495 inter
801 3441 895 3516 libros,
903 3440 949 3510 qui
963 3437 1000 3493 ad
1012 3437 1092 3509 prius

255 3756 262 3763 ,-
335 3716 346 3830 ἱ

240 3816 265 3830 ..ν
277 3818 289 3829 ιΔ
