2302 3922
94 222 137 287 22
508 230 652 286 risvmr
1016 236 1060 309 [11

158 391 235 457 Non
257 412 359 475 arces,
381 413 449 456 non
469 392 571 457 vallus
594 396 676 475 erat,
700 415 909 478 somnumque
930 398 1062 481 petebat

109 486 143 537 10
200 476 335 541 Securus
357 477 459 540 varias
481 475 545 540 dux
606 477 673 561 egis
695 478 779 542 inter
800 499 884 543 oves.

158 558 248 624 limo
269 559 349 623 mihi
370 561 437 623 vita
457 559 543 624 foret
584 561 680 643 ulcis,
702 582 761 626 nee
782 563 889 627 tristia
908 584 1043 631 nossem

199 644 300 707 Arma
319 665 380 708 nec
402 643 562 709 audissem
583 644 676 709 corde
698 646 837 710 micante
857 646 987 713 tubam:

156 726 252 792 Nunc
274 727 314 791 ad
335 727 419 792 bella
440 728 565 812 trahor,
588 733 621 793 et
634 730 699 792 iam
714 729 784 814 quis
804 730 943 795 forsitan
955 730 1062 799 hostis

200 809 345 875 Haesura
366 813 401 876 in
422 815 532 877 nostro
555 813 620 876 tela
640 813 724 897 gerit
744 813 852 879 latere.

110 907 142 955 15
157 893 219 959 Sed
242 897 338 980 patrii
361 900 483 961 servate
504 897 616 961 Lares:
639 897 762 961 aluistis
785 899 817 961 et
838 898 939 982 idem,

200 977 371 1044 Cursarem
392 984 514 1044 vestros
538 1001 610 1044 cum
630 984 721 1044 tener
743 982 945 1065 antepedes.

157 1061 231 1128 Neu
251 1064 370 1148 pudeat
390 1065 495 1148 prisco
517 1084 574 1128 vos
596 1086 665 1128 esse
687 1086 704 1128 e
726 1065 834 1161 stipite
855 1066 975 1131 factos:

201 1147 253 1212 Sic
274 1148 390 1213 veteris
412 1149 502 1213 sedes
524 1148 704 1213 incoluistis
725 1169 785 1212 av1.
1021 1154 1025 1160 '

158 1231 240 1296 Tum
261 1233 375 1296 melius
396 1235 526 1297 tenuere
547 1232 656 1315 fidem,
679 1254 751 1297 cum
772 1253 910 1315 paupere
931 1234 1021 1297 cultu

108 1328 143 1376 20
200 1313 312 1379 Stabat
333 1316 368 1378 in
391 1317 504 1401 exigua
526 1316 651 1400 ligneus
673 1316 750 1380 aede
771 1316 857 1381 deus.

159 1397 223 1462 Hic
244 1399 387 1482 placatus
410 1402 491 1482 erat,
513 1420 569 1463 seu
591 1401 661 1483 quis
683 1400 838 1464 libaverat
858 1421 966 1483 uvam,

202 1481 265 1545 Seu
287 1481 416 1546 dederat
438 1485 567 1547 sanctae
588 1484 696 1567 spicea
717 1487 801 1547 serta
822 1504 947 1549 comae:

158 1565 265 1647 Atque
288 1565 403 1649 aliquis
424 1567 492 1629 voti
514 1587 644 1651 compos
666 1566 732 1630 liba
752 1567 821 1650 ipse
841 1568 965 1633 ferebat

201 1648 341 1732 Postque
364 1670 470 1713 comes
514 1672 606 1715 urum
627 1650 693 1714 filia
714 1673 812 1733 parva
832 1652 950 1717 favum.

108 1744 141 1792 25
155 1732 202 1795 At
222 1732 316 1796 nobis
339 1736 461 1816 aerata,
483 1672 594 1817 111111,
618 1734 767 1817 depellite
789 1735 869 1819 bela,

440 1860 458 1898 *
686 1860 704 1898 ’k

563 1908 582 1948 8

201 1985 380 2069 Hostiaque
403 2008 420 2050 1
441 1988 538 2070 plena
558 1989 676 2054 rustica
697 2010 812 2073 porcus
833 1988 921 2053 hara.

158 2067 251 2134 Hanc
272 2093 351 2155 pura
373 2092 445 2135 cum
466 2077 555 2137 veste
577 2095 691 2159 sequar
710 2076 878 2158 myrtoque
901 2072 1040 2137 canistra

202 2153 321 2219 Vincta
341 2177 466 2240 geram,
487 2160 593 2240 myrto
614 2160 739 2223 vinctus
762 2158 884 2242 etipse
906 2158 1011 2239 caput.

160 2236 213 2302 Sic
234 2239 377 2324 placeam
397 2240 505 2306 vobis:
528 2243 608 2306 alius
631 2244 673 2307 sit
694 2244 786 2307 fortis
807 2243 842 2306 111
863 2241 973 2323 armis,

111 2335 145 2384 30
202 2322 331 2388 Sternat
353 2327 385 2388 et
406 2325 554 2390 adversos
577 2326 679 2391 Marte
700 2328 826 2390 favente
849 2325 959 2406 duces,

160 2404 206 2469 Vt
226 2407 306 2471 mibi
327 2410 452 2491 potanti
473 2409 576 2492 possit
598 2431 654 2473 sua
675 2409 779 2473 dicere
800 2408 885 2470 facta

202 2490 297 2556 Miles
320 2496 352 2556 et
372 2493 408 2555 in
429 2513 540 2555 mensa
583 2492 617 2555 in
641 2512 693 2555 ere
715 2492 818 2553 castra
838 2506 937 2550 mero.

161 2573 239 2649 Quis
260 2575 350 2640 fruor
371 2579 420 2639 est
441 2580 542 2640 airam
560 2515 603 2641 be
629 2597 656 2640 rs
678 2591 835 2669 arcessere
855 2572 1015 2635 mortem?

203 2656 344 2724 Inminet
366 2663 399 2723 et
418 2660 515 2724 tacito
539 2662 621 2725 clam
643 2658 730 2724 venit
751 2653 917 2739 1llapede.

112 2753 144 2800 35
160 2739 236 2803 Non
258 2762 349 2823 seges
372 2746 421 2805 est
442 2744 540 2824 infra,
563 2764 630 2806 non
650 2744 742 2807 vinea
764 2740 863 2824 culta,
887 2739 941 2804 sed
957 2741 1059 2806 audax

204 2822 359 2887 Cerberus
382 2827 414 2886 et
436 2823 564 2906 Stygiae
585 2826 692 2888 navita
712 2825 815 2908 turpis
837 2846 953 2908 aquae:

160 2905 232 2971 Illic
253 2905 479 2990 perscissisque
501 2907 593 2991 genis
614 2910 748 2990 ustoque
771 2909 887 2992 capillo

203 2990 299 3055 Errat
320 2990 360 3054 ad
381 2990 534 3055 obscuros
555 2991 674 3075 pallida
693 2992 788 3057 turba
810 2994 907 3059 lacus.

161 3074 264 3151 Quam
277 3075 384 3159 potius
400 3074 577 3139 laudandus
591 3075 644 3139 hic
660 3080 717 3159 est,
733 3098 827 3161 quem
843 3079 934 3162 prole
948 3080 1061 3161 parata

111 3172 146 3221 40
204 3159 347 3245 Occupat
367 3161 401 3224 in
422 3181 520 3244 parva
540 3160 634 3244 pigra
656 3165 783 3225 senecta
805 3164 892 3228 casa!

160 3244 233 3328 Ipse
256 3267 328 3311 suas
350 3247 489 3309 sectatur
511 3265 600 3328 oves,
623 3248 656 3309 at
677 3246 760 3310 filius
783 3268 901 3331 agnos,

202 3328 246 3391 Et
267 3330 402 3393 calidam
425 3329 511 3393 fesso
534 3333 686 3413 conparat
707 3351 786 3394 uxor
807 3351 931 3414 aquam.

161 3410 215 3475 Sic
238 3432 297 3493 ego
320 3415 395 3496 sim,
418 3413 573 3497 liceatque
597 3418 690 3497 caput
712 3413 901 3479 candescere
923 3415 1027 3499 canis,

202 3494 370 3579 Temporis
392 3499 425 3561 et
444 3498 543 3581 prisci
564 3498 648 3562 facta
669 3498 787 3563 referre
809 3520 928 3563 senem.

359 3733 438 3796 Α.

436 3797 482 3916 'u
