2302 3922
145 232 190 297 61
536 236 721 292 ADDENDA.

148 400 184 453 ss.
204 398 233 454 G.
246 398 268 453 I.
280 398 310 453 L.
323 400 343 451 t.
356 400 416 452 1111.
429 416 455 452 n.
470 404 549 453 18942

298 468 401 519 ianitor
413 466 449 518 ad
461 466 553 519 dantis
564 466 673 535 vigilet,
686 468 710 518 si
721 467 816 536 pulsat
826 467 925 533 inanis,

299 534 397 586 surdus
408 534 438 585 in
451 532 604 586 obductam
616 534 737 587 somnies
748 552 835 603 usque
849 552 948 589 seram.

148 601 186 655 Le
210 602 265 654 'tur
285 617 329 669 ap.
349 600 528 669 Propertium
548 599 582 666 V,
603 608 631 666 4,
653 608 695 667 47,
716 607 762 667 48,
784 604 834 656 ubi
854 602 945 655 fercur
965 602 1067 661 dantes
1085 606 1116 661 et

158 685 185 721 m
198 674 246 722 set.

147 685 158 735 ²
217 735 266 789 ΙΙΙ.
292 734 379 789 Porro
392 741 470 789 1950:

249 802 374 870 quisquis
386 804 494 857 amator
506 803 568 868 erit,
582 802 712 870 Scythiae
723 803 792 856 licet
803 803 931 858 ambulet
941 806 1006 871 oris,

248 886 331 922 nemo
344 870 423 935 adeo,
437 872 469 923 ut
480 870 572 934 feriat,
585 870 720 923 barbarus
732 886 792 923 esse
804 871 890 924 volet.

148 936 261 989 Prostat
277 937 352 1006 apud
370 937 491 990 eundem
509 937 573 1003 IIII,
588 942 627 1002 16,
643 944 686 1001 13;
705 937 754 989 ubi
767 938 850 991 estin
862 938 1034 993 membranis
1047 940 1115 1012 Scy·

148 1006 229 1058 thinis
239 1020 292 1057 nec
304 1006 396 1057 minus
406 1010 509 1058 noceat.

217 1072 280 1124 1111.
298 1071 437 1140 Deinceps
451 1077 528 1125 1893:

301 1140 386 1191 surda
398 1140 435 1192 sit
446 1139 538 1191 uranii
549 1141 600 1191 tua
610 1138 703 1203 ianua,
716 1139 782 1191 laxa
792 1138 903 1193 ferenti.

301 1206 399 1259 audiat
410 1206 514 1259 exclusi
525 1206 613 1259 rerba
624 1207 754 1274 receptus
766 1222 870 1259 amans.

149 1273 243 1327 Ovidii
255 1290 309 1326 arn.
322 1273 343 1337 I,
356 1280 380 1336 8,
395 1279 434 1336 77,
449 1279 489 1327 78.

216 1340 250 1393 V.
268 1341 340 1392 Tum
354 1346 430 1393 1895:

272 1407 321 1458 uid
354 1409 401 1459 ote
413 1408 462 1458 ian
476 1407 577 1458 durum
589 1422 668 1459 saxso
681 1408 731 1460 ant
742 1407 810 1475 quid
821 1407 932 1461 mollius
944 1408 1040 1464 unda?

250 1425 321 1525 [iura
361 1489 426 1525 men
438 1472 517 1525 molli
528 1490 608 1526 saxsu
619 1476 755 1527 cavantur
767 1490 847 1542 aqua.

149 1542 200 1596 Ov.
218 1557 242 1593 a.
259 1556 312 1632 am.
325 1539 346 1603 Ι,
359 1546 417 1603 475,
429 1544 488 1604 476,
506 1540 555 1592 ubi
566 1540 671 1608 legitur
684 1540 760 1608 ‘quid
772 1542 861 1611 magis
874 1544 916 1595 esi
927 1559 993 1597 saxo
1009 1544 1115 1600 durum

148 1628 175 1677 q·
187 1625 264 1726 mVli.
281 1673 498 1751 Deniqueul520:
569 1741 575 1751 ι
674 1742 680 1753 ι
723 1742 729 1753 ἡ

301 1741 387 1793 odero
399 1757 422 1792 sr
433 1742 541 1808 potero,
554 1758 577 1793 sr
594 1756 659 1806 non,
672 1743 776 1795 nrrrtus
788 1743 896 1798 amabo·

149 1809 202 1862 Hic
221 1824 317 1861 versus
338 1823 423 1874 quern
442 1808 549 1874 primus
569 1810 599 1861 et
617 1808 690 1877 legii
708 1810 785 1861 recte
806 1812 836 1863 st
856 1812 963 1865 auctori
983 1829 1033 1866 suo
1050 1816 1113 1868 vin-

149 1876 256 1929 dicavit
266 1875 506 1943 Zaugemeisterus
523 1875 572 1943 qui
589 1875 623 1928 de
641 1891 674 1929 eo
691 1876 823 1929 disseruit
833 1877 862 1929 in
874 1878 949 1931 notis
961 1878 1027 1934 adl.
1040 1880 1068 1935 d.
1083 1884 1115 1937 et

148 1944 178 1995 in
190 1942 325 1996 addendis
337 1973 369 1981 —
381 1957 446 1995 nam
459 1944 524 1995 ante
537 1941 614 1995 miris
622 1943 713 1996 modis
723 1944 783 1996 erat
791 1944 937 1998 turbatum
957 1946 991 1999 cf.
1000 1945 1113 2003 Hanze-
1140 1954 1150 1981 '-

148 2027 201 2063 nus
212 2011 242 2063 in
255 2009 353 2064 Orellii
364 2009 444 2062 inscr.
455 2011 502 2075 III,
516 2016 539 2073 7,
550 2016 612 2075 194,
625 2010 813 2064 Buechelsrus
824 2029 860 2064 m.
872 2011 925 2065 Rh.
933 1945 989 2065 {II
1007 2016 1068 2084 258]
1078 2046 1114 2059 -

148 2078 270 2131 habetur
285 2079 314 2129 in
332 2075 382 2130 Ov.
401 2093 454 2130 am.
469 2076 488 2129 1.
506 2077 555 2130 ΠΙ.
573 2093 596 2154 ⁰:
609 2083 639 2129 11
657 2078 813 2131 tricesimus
852 2079 954 2133 uintus.
982 2054 1113 2150 Apparet

148 2144 219 2198 nihil
235 2161 286 2198 nos
301 2145 391 2197 iuvari
407 2144 450 2196 his
467 2144 702 2212 inscriptionibus,
719 2145 774 2197 nisi
785 2160 841 2213 quo
873 2145 943 2199 fides
953 2147 1113 2203 hexamsini

148 2211 248 2265 ultimo
260 2212 322 2265 loco
355 2212 425 2277 ositi,
436 2228 520 2280 quem
532 2213 728 2280 suspeciarunt
738 2212 869 2265 Heinsius
881 2212 911 2266 ei
921 2215 1033 2267 secutus
1044 2231 1112 2271 snm

149 2278 293 2333 Bentleius
306 2229 352 2348 [ag
363 2279 429 2332 Hor.
443 2295 486 2349 ep.
501 2284 539 2346 15,
554 2281 604 2349 15],
617 2295 673 2333 non
684 2295 743 2344 nos,
755 2279 812 2334 iam
825 2279 901 2334 certo
913 2278 1060 2339 adseritur.
