2302 3922
93 210 152 283 11]
469 211 577 264 iruna
597 210 659 264 1111.

94 371 271 455 Vmidaque
292 372 438 456 inpressa
459 371 600 436 siccabat
620 371 741 436 lumina
761 372 850 452 lana,

135 455 272 519 Rettulit
293 459 325 520 et
346 455 477 539 querulo
499 455 604 539 iurgia
624 459 735 519 nostra
757 453 858 518 sono?

93 536 199 603 ‘Hace
213 542 245 601 10
260 541 341 602 10010
356 538 435 601 mihi
449 539 651 621 promissest,
668 538 845 623 Lygdame,
860 537 1003 601 merces?

134 621 195 687 Est
216 643 338 706 poenae
360 643 451 686 servo
473 643 618 704 rumpere
639 624 720 686 teste
742 620 846 685 fidem.
1020 634 1054 683 20

92 705 151 770 Ille
172 709 280 789 potest
299 705 388 770 nullo
410 706 558 769 miseram
579 727 631 770 me
652 705 795 788 linquere
815 704 916 788 facto,

135 789 310 872 Aequalem
330 790 433 853 multa
454 790 558 854 dicere
579 788 695 853 habere
718 788 828 852 domo!

97 872 222 937 Gaudet
242 894 294 936 me
316 894 415 936 vacuo
437 874 539 937 solam
560 873 721 937 tabescere
743 873 836 935 lecto.

136 955 171 1020 81
191 956 310 1039 placet,
334 956 479 1040 insultet,
502 956 678 1041 Lygdame,
700 959 803 1020 morte
824 976 905 1018 mea.
987 986 993 998 ·

92 1039 169 1105 Non
190 1061 241 1102 me
262 1040 403 1103 moribus
425 1041 496 1122 illa,
520 1040 575 1104 sed
596 1041 703 1104 herbis
725 1039 860 1122 inproba
882 1039 975 1103 vicit:
1021 1050 1053 1099 10

136 1120 299 1187 Staminea
319 1122 445 1186 rhombi
467 1124 591 1187 ducitur
612 1124 667 1188 ille
688 1127 768 1187 rota.

94 1204 189 1269 Illum
210 1206 367 1290 turgentis
388 1227 486 1271 ranae
507 1212 657 1291 portenta
679 1207 809 1270 rubetae

134 1288 179 1352 111
198 1287 281 1353 lecta
302 1290 419 1354 exectis
439 1291 595 1374 anguibus
617 1311 690 1354 ossa
709 1290 852 1353 trahunt.

94 1371 138 1436 Et
159 1373 268 1456 strigis
289 1373 436 1437 inventae
456 1395 515 1456 per
536 1375 629 1438 busta
648 1374 786 1453 iacentia
806 1373 951 1455 plumae,

136 1455 311 1539 Cinctaque
332 1457 459 1521 funesto
482 1458 574 1521 lanea
595 1459 675 1521 vitta
695 1460 776 1521 1010.
1022 1466 1055 1515 30

94 1537 210 1603 Sinon
223 1561 305 1604 vana
320 1545 437 1604 canunt
450 1563 522 1605 mea
536 1542 674 1623 somnia,
689 1540 866 1624 Lygdame‚
881 1541 996 1620 testor,

126 1621 244 1687 -Poena
266 1624 326 1687 erit
347 1627 420 1688 ante
441 1646 529 1689 meos
552 1646 636 1707 sera,
659 1625 715 1688 sed
737 1625 857 1707 ampla,
879 1620 991 1706 pedes,

93 1705 200 1770 Putris
222 1711 255 1771 et
275 1708 310 1770 in
331 1729 429 1772 vacuo
451 1711 576 1773 texetur
597 1730 713 1772 aranea
734 1708 832 1771 lecto:

137 1789 297 1855 Noctibus
318 1792 446 1855 illorum
467 1792 603 1856 dormiet
623 1793 693 1876 ipsa
713 1790 846 1855 Venus.’

95 1871 182 1947 Quae
203 1874 263 1936 tibi
287 1874 314 1935 si
339 1875 422 1937 veris
444 1876 557 1938 animis
580 1879 629 1938 est
649 1878 760 1957 questa
780 1873 902 1957 puella,
1022 1882 1055 1931 35

139 1955 209 2018 Hac
231 1955 339 2018 eadem
360 1978 482 2037 rursus,
504 1957 683 2041 Lygdame‚
707 1978 795 2020 curre
816 1957 869 2019 via

94 2038 139 2104 Et
159 2058 229 2101 mea
250 2057 322 2102 oum
344 2039 452 2102 multis
475 2040 612 2103 lacrimis
635 2040 785 2103 mandata
805 2040 943 2121 reporta.

138 2121 237 2204 Iram,
259 2142 326 2184 non
346 2121 474 2185 fraudes
497 2143 565 2186 esse
585 2124 621 2187 in
643 2144 749 2187 amore
770 2143 852 2186 meo.

94 2203 148 2269 Me
170 2226 294 2288 quoque
316 2205 474 2269 consimili
496 2206 671 2290 inpositum
691 2207 866 2289 torquerier
888 2204 958 2288 igni

137 2288 252 2352 Iurabo
275 2291 307 2352 et
328 2289 377 2352 bis
399 2306 455 2352 sex
476 2289 602 2374 integer
624 2311 692 2353 esse
715 2290 791 2354 dies.
1022 2299 1057 2348 40

97 2370 240 2446 Quodsin
262 2393 279 2434 e
300 2374 390 2435 tanto
413 2372 490 2436 felix
513 2372 683 2438 concordia
704 2374 788 2437 bello

136 2453 301 2538 Extiterit,
323 2477 381 2539 per
401 2477 474 2538 mes
489 2457 665 2542 Lygdame,
688 2457 769 2521 liber
790 2455 861 2521 eris.

478 2668 530 2740 u
557 2665 666 2769 [unq.

94 2789 183 2936 Ergo
206 2789 361 2854 sollicitae
383 2793 419 2853 tu
441 2812 548 2874 causa,
570 2792 719 2874 pecunia,
743 2791 842 2856 vitae!

165 2894 199 2937 er
220 2876 252 2945 te
273 2874 467 2947 inmaturum
488 2876 600 2938 mortis
622 2875 744 2939 adimus
766 2875 835 2940 iter.

96 2955 144 3019 Tu
165 2953 251 3020 vitiis
272 2955 439 3022 hominum
460 2958 599 3023 crudelia
619 2959 736 3043 pabula
757 2958 904 3043 praebes:

138 3038 268 3103 Semina
290 3061 435 3105 curarum
457 3040 495 3105 de
518 3042 621 3126 capite
643 3046 714 3106 orta
734 3046 802 3107 tuo.

95 3121 144 3185 Tu
163 3121 295 3186 Paetum
314 3120 354 3185 ad
375 3122 508 3189 Pharios
525 3126 713 3211 ¹tendentem
733 3125 833 3188 lintea
851 3126 962 3208 portus
1040 3134 1056 3185 0

138 3203 254 3269 Obruis
276 3207 388 3269 insano
410 3209 520 3291 terque
542 3213 715 3292 quaterque
736 3209 826 3273 mari.
897 3258 901 3268 .

94 3288 180 3353 Nam
202 3287 276 3352 dum
297 3292 330 3353 te
351 3290 506 3374 sequitur,
528 3294 632 3375 primo
654 3293 751 3356 miser
772 3291 889 3355 excidit
910 3312 987 3355 aevo

137 3372 182 3435 Et
202 3392 286 3435 nova
306 3371 491 3455 longinquis
513 3376 653 3458 piscibus
676 3396 748 3439 esea
768 3378 873 3457 natat,

94 3454 262 3520 1111110101
283 3475 349 3520 non
371 3457 455 3520 iusta
475 3458 546 3540 piae
569 3458 642 3522 dare
666 3458 772 3522 debita
792 3461 895 3522 terrae
