2302 3922
223 197 425 276 ‘curuum
447 213 580 277 clun.
600 226 643 279 aa.
659 227 701 282 aa.
717 228 761 283 aa.
955 225 996 290 ar

148 384 207 462 Qui
225 381 337 443 sedens
358 380 504 443 adversus
524 382 694 446 identidem
716 395 748 447 te

244 466 371 546 Spectat
390 472 423 525 et
441 466 527 529 audit

109 564 125 614 5
146 549 243 611 Dulce
265 548 438 626 ridentem,
459 552 571 612 mlsero
594 551 677 632 qnod
700 557 797 617 omnis

146 635 249 714 Eripit
268 654 375 694 sensns
397 635 486 694 mihi:
507 654 576 696 nam
596 635 687 696 simul
708 645 756 716 te,

146 719 272 797 Lesbia,
294 720 414 798 aspexi,
436 717 515 778 nihil
537 726 586 779 est
606 739 699 800 snper
718 725 760 783 ml

148 886 266 965 Lingua
287 884 343 946 sed
364 894 486 966 torpet,
508 888 610 947 tennis
629 889 685 948 sub
708 899 790 951 artus

91 981 126 1033 10
145 969 282 1030 Flamma
304 968 463 1048 demnmt,
486 973 588 1031 sonitu
608 978 718 1052 suopte

150 1053 312 1114 Tintinant
331 1073 437 1131 aures,
459 1056 579 1132 gemina
599 1064 746 1135 teguntur

241 1138 370 1240 Ltnmina
390 1146 493 1254 npcte.

565 1220 581 1256 *

145 1300 269 1397 Otium,
289 1317 430 1398 Catulle,
452 1268 510 1379 udi
531 1318 693 1381 molestum
717 1329 781 1382 est:

149 1401 229 1462 Otia.
244 1402 361 1463 exultas
381 1405 568 1484 nimiumque
590 1405 695 1483 gestis.

95 1495 128 1548 15
151 1487 254 1546 Otium
275 1494 309 1548 et
329 1506 419 1566 reges
440 1489 526 1567 prins
548 1494 581 1548 et
602 1479 706 1550 beatas

242 1569 386 1631 Perdidit
404 1574 507 1632 urbes.

392 1696 589 1707 ——-

438 1752 533 1816 .L11.

149 1837 234 1941 (laid
256 1877 320 1950 est,
342 1869 487 1933 Catulle?
507 1869 581 1951 quid
602 1875 730 1935 moraris
752 1875 870 1935 emori?

150 1954 234 2015 Sella
254 1956 287 2014 in
308 1954 407 2015 curuli
429 1954 551 2014 Strnma
571 1955 687 2016 Nonius
709 1958 818 2037 sedet,

148 2039 210 2099 Per
233 2037 424 2099 consulatum
444 2039 565 2118 peierat
586 2040 744 2102 Vatinius:
889 2090 891 2097 ,

149 2121 230 2200 Quid
252 2131 315 2202 est,
337 2122 482 2184 Catulle?
504 2121 578 2202 qnid
598 2125 727 2184 moraris
749 2125 869 2185 emorl‘i

447 2303 541 2368 LIII.

148 2391 223 2487 Risi
242 2426 346 2487 neseio
368 2443 459 2504 quem
479 2423 569 2485 mado
592 2443 610 2484 e
633 2442 762 2503 corona,

149 2511 223 2587 Qui,
245 2528 313 2569 cnm
335 2509 464 2569 mirifice
485 2509 647 2572 Vatiniana

149 2594 244 2654 Mens.
262 2593 391 2653 erimina
412 2591 522 2652 Calvus
544 2589 744 2672 explicasset,

149 2676 312 2737 Admirsns
334 2678 378 2736 ait
397 2677 474 2737 haec
495 2693 662 2756 manusque
683 2673 812 2754 tollens,

112 2770 129 2823 5
151 2761 218 2821 ‘Dii
239 2763 356 2840 magni,
375 2759 557 2841 salaputium
581 2759 764 2820 disertuml’

451 2941 539 3006 LIV.

152 3015 289 3157 llthonis
312 3067 404 3141 capnt
424 3060 538 3141 oppido
561 3069 609 3122 est
629 3060 774 3142 pusillum

129 3311 193 3375 *Et
212 3315 393 3375 erirnstice
416 3311 576 3371 semilauta
594 3330 702 3387 crura,

155 3397 274 3460 Subtile
296 3404 329 3458 et
347 3396 417 3456 leve
437 3394 576 3476 peditum
596 3394 731 3455 Libonis.
