2302 3922
125 221 166 286 62
441 224 634 280 Paoeaaru
655 224 762 278 nisan
783 224 831 280 111.
953 134 1095 296 [ΧΧΧῗ]

139 400 173 449 ιι)
228 386 347 452 Missus
369 389 402 451 et
423 386 575 470 inpressis
599 384 719 449 haedus
741 385 781 449 ab
803 385 961 450 uberibus.
1081 440 1084 445 .

188 471 295 552 Felix,
318 471 372 554 qui
394 471 473 534 viles
495 470 599 553 pomis
624 470 774 533 mercaris
797 472 935 534 amores!

230 554 315 618 Huic
337 555 412 618 licet
433 556 579 638 ingratae
600 553 729 636 Tityrus
751 554 820 636 ipse
842 556 951 617 canat:

188 637 279 703 Felix
301 639 457 702 intactum
480 637 629 720 Corydon
654 637 708 721 qui
729 639 865 720 temptat
886 636 1006 701 Alexin

231 722 402 806 Agricolae
424 722 546 785 domini
567 741 695 804 carpere
717 720 862 785 delicias!

141 817 173 866 75
189 805 340 883 Quamvis
361 806 416 870 ille
438 827 495 869 sua
516 807 618 868 lassus
643 804 820 886 requiescat
841 825 955 888 avena,

231 886 393 954 Laudatur
414 889 527 953 faciles
552 889 635 952 inter
656 887 903 971 Hamadryadas.

190 972 238 1036 Τιι
261 974 348 1038 canis
369 973 501 1037 Ascraei
522 972 638 1036 veteris
659 975 829 1056 praecepta
853 975 981 1056 poetae,
1094 1022 1101 1049 ,-

232 1055 301 1131 Quo
324 1079 415 1141 seges
437 1058 472 1120 in
494 1078 563 1120 cam
587 1077 620 1138 0,
645 1077 706 1139 quo
729 1056 812 1119 viret
832 1078 895 1120 uva
915 1056 1001 1140 iugo.
1046 1082 1049 1087 ·

189 1140 267 1205 'l‘ale
289 1141 368 1205 facis
390 1161 532 1223 carmen,
559 1079 653 1204 <locta
672 1140 832 1204 testudine
854 1140 946 1223 quale

141 1236 174 1286 80
231 1225 387 1308 Cynthius
409 1225 555 1309 inpositis
575 1227 734 1308 temperat
754 1223 904 1288 articulis

189 1308 265 1374 Non
286 1312 395 1374 tamen
415 1310 495 1374 haec
515 1308 574 1373 ulli
595 1309 725 1372 venient
749 1308 874 1392 ingrata
895 1308 1031 1392 legenti,

235 1392 307 1457 Sive
329 1395 363 1456 in
385 1414 492 1456 amore
514 1393 601 1456 rudis
624 1393 689 1456 sive
711 1392 831 1476 peritus
853 1391 923 1457 erit.

189 1475 259 1542 Nec
273 1477 378 1540 minor
392 1476 442 1539 his
458 1476 571 1540 animis
587 1479 657 1558 aut,
671 1477 727 1557 †si
740 1476 859 1558 minor,
882 1496 937 1539 ore
952 1496 1088 1542 canorus

232 1560 365 1623 Anseris
386 1559 515 1623 indocto
538 1560 675 1623 carmine
698 1560 793 1623 cessit
815 1560 893 1624 olor.

141 1655 173 1704 85
188 1641 277 1706 Haec
300 1663 424 1725 quoque
445 1642 587 1725 perfecto
608 1642 739 1706 ludebat
759 1643 874 1708 Iasone
895 1642 999 1708 Varro
1005 1692 1016 1727 ‚

232 1725 336 1790 Varro
358 1725 533 1790 Leucadiae
555 1727 692 1790 maxima
712 1727 840 1792 flamma
861 1749 945 1791 suae.

189 1808 278 1874 Haec
300 1830 425 1893 quoque
445 1810 556 1874 lascivi
578 1813 747 1874 cantarunt
773 1812 892 1895 scripta
913 1810 1044 1894 Catulli,

231 1893 347 1958 Lesbia
368 1894 438 1978 quis
461 1895 531 1978 ipsa
554 1895 662 1959 notior
683 1898 732 1959 est
752 1894 885 1961 Helena.

190 1977 280 2044 Haec
302 1979 398 2043 etiam
420 1977 506 2043 docti
529 1979 707 2043 confessast
727 1980 846 2064 pagina
868 1978 973 2062 Calvi,

142 2075 176 2124 90
233 2061 314 2127 Cum
336 2066 464 2127 caneret
484 2063 617 2128 miserae
641 2063 753 2127 funera
775 2062 957 2138 Quintiliae.

189 2145 234 2210 Et
254 2146 348 2211 modo
371 2147 511 2212 formosa
533 2169 627 2230 quam
651 2148 751 2212 multa
771 2147 926 2230 Lycoride
947 2145 1060 2212 Gallus

232 2230 379 2296 Mortuus
401 2232 526 2297 inferna
551 2233 682 2296 vulnera
703 2230 782 2295 lavit
843 2229 899 2296 uai

191 2313 330 2398 Cynthia
352 2316 429 2399 quin
451 2317 546 2381 etiam
568 2338 660 2380 versu
682 2315 809 2380 laudato
856 2316 991 2400 roperti,

231 2398 301 2464 Hos
322 2400 406 2464 inter
428 2400 455 2464 si
477 2421 528 2464 me
548 2421 667 2483 ponere
688 2399 788 2464 Fama
808 2399 903 2464 volet.
